2400 3862
101 204 164 272 148
538 203 680 259 1111111

98 368 182 432 stiva
213 371 246 431 et
276 370 484 451 praepostera
516 366 712 451 displiceret,
745 390 826 452 quae
860 367 978 433 omisso
1008 371 1123 433 contra

99 456 224 521 dicendi
247 460 392 540 tempore
416 457 589 543 castigaret
606 461 788 542 peractum,
811 457 863 522 cui
879 457 1047 542 potuisset
1071 478 1123 522 oc·

62 562 234 611 rcurrere.
286 543 453 611 luventius
486 547 617 628 quidem
650 545 760 612 Celsus
793 550 923 630 praetor
954 550 1122 630 tamquam

99 637 336 701 emendatorem
355 639 486 700 senatus
505 638 538 700 et
559 635 670 701 multis
685 639 718 700 et
731 635 937 701 vehementer
950 635 1122 719 increpuit.
1160 677 1163 687 ι

99 724 281 809 Respondit
299 723 411 808 Nepos
434 717 756 808 rursusqneCelsus3
779 730 894 790 neuter
915 725 1122 790 contumeliis
1142 755 1155 795 a

63 814 299 898 otemperavit.
319 896 321 902 Ι
344 812 432 878 ΝοΙο
460 813 592 896 referre,
622 835 703 897 quae
727 813 791 879 dici
814 813 855 878 ab
879 814 958 898 ipsis
987 813 1123 879 moleste

99 903 170 967 tuli.
207 901 279 979 Quo
303 903 406 989 magis
429 902 586 986 quosdam
609 924 779 968 enumero
798 906 911 969 nostro
930 903 1123 987 improbavi,

99 992 155 1075 qui
183 991 344 1056 modoad
373 990 515 1076 Celsum,
548 993 644 1057 modo
672 991 712 1056 ad
736 991 912 1076 Nepotem,
942 997 1041 1075 prout
1068 993 1123 1058 hic

98 1082 149 1145 vel
168 1082 223 1146 ille
243 1080 372 1164 diceret,
391 1081 568 1166 cupiditate
586 1080 737 1146 audiendi
757 1081 957 1147 cursitabant
976 1085 1009 1146 et
1025 1102 1123 1164 nunc,

99 1170 191 1253 quasi
219 1171 423 1236 stimularent
451 1174 483 1235 et
511 1172 735 1254 accenderent,
762 1192 862 1254 nunc,
891 1171 984 1255 quasi
1010 1192 1120 1236 recon-
1140 1199 1167 1239 ro

98 1258 245 1325 ciliarent
273 1280 310 1324 ac
337 1264 617 1344 recomponerent,
648 1260 849 1344 frequentius
878 1261 1028 1346 singulis,
1056 1282 1121 1324 am·

99 1349 202 1414 bobus
235 1349 396 1414 interdum
433 1350 612 1433 propitium
646 1347 813 1415 Caesarem
853 1354 890 1414 ut
926 1350 961 1413 in
996 1349 1121 1414 ludicro

63 1439 206 1522 celiquo
239 1440 461 1522 precabantur.
513 1439 594 1503 Mihi
631 1439 761 1523 quidem
798 1438 879 1503 illud
918 1439 1015 1503 etiam
1052 1462 1122 1523 per-

99 1528 250 1592 acerbum
265 1527 341 1612 fuit,
365 1529 452 1610 quod
470 1534 547 1593 sunt
565 1529 646 1592 alter
665 1529 772 1610 alteri,
797 1528 876 1611 quid
889 1532 1052 1613 pararent,
1076 1528 1123 1593 in-

99 1615 205 1680 dicati.
251 1616 337 1681 Nam
360 1621 392 1681 et
416 1616 527 1682 Celsus
550 1616 673 1701 Nepoti
702 1640 741 1681 ex
762 1617 875 1683 libello
899 1617 1065 1700 respondit
1089 1621 1121 1681 et
1142 1645 1167 1686 15

64 1703 191 1769 'IGelso
220 1704 331 1789 Nepos
362 1729 402 1770 ex
431 1706 654 1790 pugillaribus.
701 1706 806 1771 Tanta
833 1707 1013 1790 loquacitas
1044 1708 1122 1771 ami-

47 1800 48 1804 ’
100 1814 226 1875 corum,
244 1797 281 1857 ut
298 1794 446 1859 homines
465 1795 626 1880 iurgaturi
644 1796 677 1858 id
696 1796 804 1879 ipsum
824 1796 962 1861 invicem
982 1794 1122 1881 scierint,

99 1887 265 1966 tamquam
290 1884 500 1948 convenisset.
547 1883 636 1949 Vale.

584 2049 636 2107 Vl.

349 2177 379 2226 C.
395 2177 541 2226 PLINIUS
561 2177 737 2258 FliNDANO
758 2177 827 2227 SUO
849 2177 877 2226 S.
1140 2181 1167 2222 ²0

63 2310 77 2358 1
162 2293 197 2357 Si
221 2295 363 2379 quando,
383 2316 473 2383 ,nunc
491 2295 662 2378 praecipue
682 2317 832 2379 cuperem
852 2316 920 2359 esse
938 2298 971 2359 te
989 2293 1122 2379 Romae,

98 2387 130 2446 et
153 2383 197 2446 sis
221 2405 309 2467 rogo.
357 2382 445 2467 Opus
466 2389 515 2448 est
533 2384 613 2448 mihi
632 2385 712 2468 voti,
735 2384 868 2469 laboris,
893 2384 1120 2454 sollicitudinis

99 2472 194 2536 socio.
241 2472 327 2535 Petit
354 2474 493 2537 honores
521 2471 622 2538 lulius
650 2472 755 2557 Naso,
783 2475 866 2558 petit
896 2496 970 2539 oum
999 2474 1122 2557 multis,

99 2583 172 2626 cum
191 2561 294 2644 bonis,
319 2583 399 2644 quos
419 2566 456 2626 ut
475 2564 653 2648 gloriosum
674 2565 721 2629 sic
739 2568 789 2628 est
809 2563 942 2628 difficile
961 2585 1120 2647 superare,

63 2650 225 2715 2Pendeo
259 2671 335 2735 ergo
368 2655 400 2715 et
430 2675 580 2717 exerceor
612 2675 681 2737 spe,
717 2652 850 2718 adficior
882 2656 971 2717 metu
1003 2656 1036 2717 et
1067 2675 1118 2716 me
1139 2680 1166 2721 as

99 2740 299 2804 consularem
329 2761 396 2804 esse
427 2763 492 2804 non
521 2743 638 2822 senti03
668 2765 743 2807 nam
772 2764 882 2807 rursus
906 2742 986 2805 mihi
1009 2742 1121 2805 videor

63 2830 258 2911 oomnium,
291 2851 372 2912 quae
405 2829 587 2914 decucurri,
619 2831 816 2897 candidatus.
863 2830 1006 2896 Meretur
1036 2831 1120 2895 hanc

99 2939 207 2982 curam
240 2920 339 3004 longa
370 2919 433 2982 mei
466 2921 606 2985 caritate.
653 2921 713 2985 Est
745 2921 825 2984 mihi
857 2941 931 2984 cum
963 2921 1021 2984 illo
1053 2941 1120 2983 non

99 3029 174 3071 sane
206 3012 341 3091 patema
373 3008 515 3072 amicitia
547 3007 665 3096 (neque
699 3010 785 3073 enim
820 3030 888 3074 esse
918 3009 1026 3093 potuit
1062 3033 1120 3093 per

98 3119 203 3161 meam
232 3095 398 3184 aetatem),
428 3098 553 3163 solebat
580 3104 688 3163 tamen
715 3098 847 3162 vixdum
877 3099 1119 3164 adrdescentulo
1140 3128 1166 3168 ao

98 3185 178 3249 mihi
208 3190 301 3269 pater
332 3188 399 3252 eius
433 3209 506 3251 oum
539 3211 656 3274 magna
687 3188 781 3252 leude
814 3189 995 3253 monstrari.
1040 3187 1121 3252 Erat

98 3297 164 3338 non
206 3275 387 3341 studiorum
427 3280 567 3362 tantum,
609 3300 720 3341 verum
762 3276 858 3341 etiam
901 3277 1120 3342 studiosorum

74 3365 337 3431 ‘amantissimus
375 3388 412 3431 ac
447 3387 549 3450 prope
582 3366 699 3431 cotidie
734 3366 774 3429 ad
812 3367 1002 3450 audiendos,
1038 3387 1119 3449 quos

74 3545 142 3640 Oba
161 3531 326 3578 wracene.
337 3526 593 3595 componerentque
603 3525 716 3592 Dpra,
732 3524 800 3579 ouo.
858 3530 890 3577 17
906 3524 1010 3578 scirent
1024 3524 1054 3578 D
1058 3540 1120 3592 po,

979 3792 1113 3822 —m
