2386 3840
103 154 168 221 aas
540 148 686 204 orum

104 318 232 400 opertos
255 314 373 400 praeda
395 315 527 400 laqueos
551 314 814 400 aemulabantur,
834 338 921 384 cnm
947 319 1106 406 priratisis

104 405 278 470 cultatibus
311 405 399 469 velut
428 405 544 471 hausta
575 409 607 469 et
638 404 867 488 multiplicata
903 414 1001 476 retro
1032 432 1110 489 seeuu¹

105 495 261 580 quidquid
285 494 474 580 attigerant,
494 493 672 561 referrent?

52 583 95 654 44
172 584 275 662 Quam
297 585 377 649 utile
400 589 450 650 est
472 585 512 649 ad
539 605 634 650 usum
662 584 888 652 secundorum
921 611 989 674 per
1018 590 1113 656 adven

105 675 242 741 venissel
266 673 386 738 Vixisti
399 674 580 758 nobiscum,
595 673 795 757 periclitatus
811 696 868 760 es,
886 677 1053 765 timuisti,
1065 700 1115 764 qus

105 770 183 831 tuno
197 767 265 829 erat
278 763 498 829 innocentium
517 764 592 829 uita.
626 762 696 828 Scis
715 767 747 828 et
765 770 935 848 expertus
957 792 1012 855 es,
1029 774 1116 855 qumis

107 877 202 939 opere
221 854 420 919 detestentur
437 854 539 919 malos
558 852 734 938 principes,
756 852 861 920 etiam
882 859 951 941 qui
976 859 1118 926 malost

107 947 204 1010 ciunt.
233 942 423 1027 Meministi,
443 965 524 1027 quae
544 947 654 1028 optare
672 941 861 1027 nobiscum,
883 967 980 1030 quae
1000 951 1046 1016 sis
1059 948 1119 1035 queri

71 1033 229 1100 ssolitus.
267 1032 336 1098 Iam
354 1033 481 1117 privato
500 1032 619 1098 iudicio
640 1032 818 1117 principem
838 1037 955 1122 geris,
981 1041 1120 1106 meliores

107 1125 207 1189 immo
230 1127 263 1188 te
285 1127 443 1206 praestas,
466 1145 562 1206 quam
584 1122 644 1186 tibi
667 1122 766 1187 alium
790 1126 993 1206 precabare.
1038 1129 1121 1213 luqu

108 1216 155 1280 sie
173 1213 289 1278 imbuti
307 1234 430 1295 sumus,
453 1216 503 1293 ut,
528 1211 643 1294 quibus
663 1215 730 1276 erat
748 1233 881 1277 summa
901 1222 1068 1285 votorum
1083 1239 1122 1283 us

108 1305 171 1369 lior
193 1303 333 1387 pessimo
352 1303 516 1386 princeps,
539 1302 602 1365 iam
621 1322 688 1365 non
705 1300 871 1385 possimus
892 1306 965 1372 nisi
988 1310 1123 1393 optimm

74 1394 200 1458 eferre.
245 1391 350 1456 Nemo
378 1395 427 1456 est
454 1413 531 1477 ergo
558 1394 624 1455 tam
652 1390 714 1472 tui,
743 1394 810 1455 tam
838 1391 990 1476 ignarus
1021 1399 1125 1483 σιω

109 1484 217 1548 locum
237 1481 335 1547 istum
355 1485 429 1565 post
446 1486 478 1545 te
497 1479 711 1564 concupiscat.
757 1479 905 1548 Facilius
928 1491 1000 1572 est,
1026 1494 1065 1555 ut
1080 1507 1126 1553 esse

76 1586 92 1634 4
112 1573 228 1655 aliquis
242 1592 407 1636 successor
425 1575 500 1635 tuus
518 1571 635 1654 possit,
653 1591 749 1654 quam
768 1573 805 1635 ut
823 1571 918 1637 velit
957 1575 1047 1654 Quis
1066 1577 1127 1643 enin

112 1684 206 1727 curae
229 1663 302 1724 tuae
326 1661 443 1724 molem
467 1663 581 1743 sponte
605 1659 739 1724 subeat?
769 1659 841 1743 quis
866 1669 1068 1749 comparari
1088 1664 1128 1732 tibi

112 1773 178 1815 non
195 1748 403 1814 reformidet?
443 1748 604 1833 Expertus
624 1753 657 1813 et
677 1749 747 1832 ipse
766 1771 812 1827 es,
836 1772 944 1833 quam
969 1756 1019 1820 sit
1039 1777 1129 1823 onero

113 1862 183 1905 sum
203 1839 371 1904 succedere
389 1839 474 1903 bono
489 1838 640 1923 principi,
659 1842 691 1903 et
709 1837 874 1905 adferebas
892 1848 1131 1912 excusationem

78 1928 265 2014 oadoptati.
311 1926 365 1992 An
394 1950 493 2012 parva
522 1949 687 2012 pronaque
720 1931 796 1992 sunt
824 1929 865 1993 ad
895 1937 1132 2015 aemulandum,

115 2020 200 2103 quod
219 2040 313 2083 nemo
333 2017 587 2083 incolumitatem
605 2017 805 2101 turpitudine
823 2022 1007 2102 rependit?
1054 2025 1132 2091 Salu

114 2114 163 2174 est
178 2109 326 2174 omnibus
341 2107 408 2172 vita
427 2113 459 2173 et
478 2107 616 2193 dignitas
631 2107 730 2190 vitae,
748 2128 807 2171 nec
825 2107 891 2172 iam
911 2114 1133 2181 consideratus

79 2215 94 2262 6
114 2221 151 2263 ac
165 2199 304 2281 sapiens,
328 2198 384 2280 qui
398 2201 535 2262 aetatem
549 2198 583 2260 in
597 2196 737 2261 tenebris
752 2196 827 2282 agit.
873 2197 1008 2267 Eadem
1025 2205 1134 2289 quippe

115 2288 174 2354 sub
197 2288 342 2371 principe
365 2287 539 2352 uirtutibus
563 2286 705 2370 praemia
728 2307 809 2368 quae
833 2286 867 2349 in
885 2287 1066 2375 libertate,
1088 2312 1135 2358 net

114 2376 310 2442 benefactis
334 2379 460 2440 tantum
484 2398 524 2440 ex
546 2376 742 2441 conscientia
764 2397 893 2440 merces.
936 2377 1049 2447 Amas
1073 2404 1136 2448 oon·

116 2465 264 2533 stantiam
290 2465 409 2530 civium
437 2469 469 2531 et
496 2470 617 2531 erectos
646 2487 683 2530 ac
705 2465 830 2529 vividos
858 2466 992 2534 animos
1017 2494 1088 2537 non
1107 2473 1159 2535 uts

81 2575 96 2622 ‘1
117 2557 171 2622 alii
195 2554 365 2621 contundis
389 2576 425 2620 ac
449 2555 613 2639 deprimis,
638 2555 692 2619 sed
713 2555 803 2619 foues
826 2557 859 2618 et
881 2557 1024 2624 attollis.
1070 2561 1136 2625 Pro

116 2646 186 2711 dest
204 2646 306 2710 bonos
322 2665 402 2727 esse,
422 2666 494 2709 oum
515 2645 557 2709 sit
576 2643 652 2710 satis
672 2642 874 2727 abundeque,
892 2645 922 2708 si
940 2668 1016 2713 non
1035 2654 1137 2730 nocet3

115 2737 166 2801 his
193 2736 345 2815 honores,
374 2734 425 2798 his
454 2734 644 2816 sacerdotia,
674 2733 725 2798 bis
752 2732 934 2816 provincias
965 2739 1084 2825 offers,
1109 2739 1138 2804 hi

117 2825 258 2890 amicitia
280 2828 349 2906 tua,
370 2823 406 2886 hi
428 2823 546 2887 iudicio
570 2815 693 2888 florent.
723 2820 893 2887 Acuuntur
915 2824 984 2890 isto
1011 2828 1139 2917 integri·

189 2989 205 3035 2
214 2989 277 3050 post
285 2981 363 3037 velut
372 2981 436 3034 add.
449 2980 573 3035 fautores
581 2983 683 3036 Baebr.
691 3013 726 3022 —
734 2982 837 3034 hausta
846 2982 928 3051 vulp,
937 2986 1031 3040 aucta
1039 2989 1140 3051 lusia,

117 3055 230 3119 Basta,
249 3054 347 3108 Muell.
364 3083 397 3092 -
412 3051 559 3121 implicata
577 3052 711 3108 Schware.
731 3070 744 3107 e
763 3053 820 3107 eod.
834 3055 942 3119 Veneto,
962 3058 1141 3127 amplificata

121 3126 229 3180 Gruter.
320 3129 335 3177 9
360 3124 417 3177 iam
436 3124 544 3190 Madv,
564 3125 672 3192 Muell,
695 3142 769 3178 nunc
792 3125 895 3192 Motu,
918 3141 988 3179 nam
1013 3131 1090 3202 vulp,
1109 3160 1140 3170 .-

117 3197 222 3267 privati
240 3197 328 3264 Lipa,
346 3197 449 3250 Baebr.
523 3195 575 3248 10⁸
589 3212 674 3264 quam
689 3198 741 3264 (sie
754 3197 839 3265 vulp.)
858 3196 900 3250 uel
918 3214 1006 3264 quem
1026 3204 1073 3257 uel
1090 3216 1141 3272 que

119 3269 205 3334 codd,
218 3269 297 3322 uelim
314 3284 399 3336 quam
415 3265 579 3339 (qualem).
636 3272 668 3320 19
684 3268 834 3337 adoptanti
849 3267 927 3322 Keili
939 3271 978 3336 A,
993 3270 1141 3338 Submota,

118 3342 182 3409 sort.
197 3345 273 3394 recte.
360 3345 394 3393 20
415 3338 551 3407 rependit,
574 3338 650 3392 salva
669 3371 702 3379 -
721 3343 759 3394 22
777 3338 855 3408 agit?
875 3339 913 3393 K.
923 3340 968 3395 ΙΙ.
1063 3351 1098 3400 22
1116 3346 1143 3400 et

120 3430 178 3482 sap.
187 3412 222 3466 A.
278 3410 330 3463 25⁸
345 3412 373 3465 et
384 3413 489 3465 erectos
500 3426 556 3479 epo,
571 3414 600 3464 et
609 3412 700 3465 rectos
709 3412 786 3476 AW,
796 3411 896 3464 Bcebr.
907 3412 1073 3484 pXXOE,
1087 3433 1143 3472 ree·

119 3479 1151 3555 torqueret.codd.,ereotosqueWosstus,Stasanoteaspnnau-

111 3559 218 3616 uirides
228 3571 253 3629 ς,
270 3558 385 3615 invidos
400 3551 702 3624 BOVM‘,mundos
716 3547 799 3601 OW.
852 3547 887 3590 ‘U
904 3541 1084 3598 u-ffliffl
1093 3551 1161 3605 ‘effi
