2400 3862
101 240 163 308 ‚52
559 236 701 292 3311111

118 423 247 465 screnus
278 402 344 465 diss
375 405 407 465 ct
437 401 593 484 inmotus,
624 421 748 484 omnes,
779 422 853 464 cum
883 401 960 464 hinc
989 402 1050 466 131·
1065 402 1141 467 inde

116 492 221 554 ventis
245 491 423 573 inquietus,
446 511 510 574 qua
531 490 621 554 venti
645 491 829 573 quiescunt,
852 491 920 554 sins
944 490 1063 555 iniuria
1086 514 1141 576 pa

62 594 95 643 1⁷
116 583 193 643 tent.
235 581 321 644 Ante
340 580 616 664 cryptoporticum
635 583 747 662 xystus
767 579 861 644 violis
881 579 1043 644 odoratus.
1082 580 1141 646 Te-

115 692 228 753 porem
266 669 343 732 solis
380 668 480 732 infusi
516 689 706 752 repercussu
738 669 997 753 cryptoporticus
1031 675 1139 756 auget,

117 781 197 840 quae
221 762 258 822 ut
280 761 369 821 tenet
392 759 493 822 solem
518 758 564 822 sic
587 754 771 841 aquilonem
795 757 920 822 inhibet
943 764 1170 825 summovete

117 870 190 929 que,
222 850 443 929 quantumque
474 847 589 911 caloris
621 850 694 911 ante
724 849 852 911 tantum
881 850 967 911 retro
997 847 1139 934 frigoris.

117 936 273 1001 Similiter
295 934 442 1000 Africum
467 936 553 999 sistit
576 939 672 1019 atque
695 935 742 999 ita
765 935 999 1000 diversissimos
1023 942 1139 1003 ventos

116 1027 214 1088 alium
252 1025 315 1089 alio
348 1027 448 1089 latere
480 1025 602 1109 frangit
634 1028 665 1088 et
697 1023 778 1088 finit.
833 1024 922 1089 Haec
953 1025 1139 1092 iucunditas

63 1128 96 1177 18
116 1115 183 1178 eius
202 1114 321 1197 hieme,
339 1116 442 1178 maior
461 1117 589 1178 aestate.
627 1112 712 1178 Nam
726 1117 800 1178 ante
815 1113 981 1179 meridiem
996 1119 1141 1200 xystum,

115 1207 190 1286 post
217 1204 382 1268 meridiem
410 1203 599 1290 gestationis
627 1203 779 1287 hortique
806 1203 988 1287 proximam
1011 1207 1140 1287 partem
1159 1227 1183 1266 11

114 1293 228 1357 umbra
257 1315 315 1357 sua
343 1297 516 1378 temperet,
547 1315 642 1377 quae,
671 1296 708 1357 ut
735 1292 801 1356 dies
825 1292 927 1356 crevit
949 1292 1142 1379 decrevitve,

63 1399 94 1446 19
115 1384 210 1453 modo
239 1383 380 1465 brevior,
408 1384 504 1448 modo
533 1383 662 1468 longior
684 1383 746 1446 hec
768 1383 820 1445 vel
843 1382 900 1445 1113
923 1381 1017 1447 cadit.
1063 1381 1142 1468 Ipsa

114 1495 189 1536 vero
218 1473 477 1556 cryptoporticus
505 1476 575 1536 tum
604 1472 742 1536 maxime
770 1476 857 1535 caret
881 1471 962 1553 sole,
990 1492 1064 1536 cum
1090 1496 1140 1538 ar-

114 1561 319 1625 dentissimus
348 1563 482 1625 culmini
510 1560 578 1625 cius
606 1561 735 1625 insistit.
781 1558 833 1624 Ad
860 1561 923 1624 hoc
951 1561 1140 1644 patentibus

114 1651 262 1714 fenestris
290 1649 437 1714 favonios
466 1651 584 1734 accipit
611 1649 867 1732 transmittitque
894 1670 954 1713 nec
982 1672 1140 1733 umquam
1160 1672 1185 1715 11

62 1746 185 1803 133113
219 1740 312 1824 pigro
345 1737 559 1803 3111313113
591 1739 794 1824 ingravescit.
845 1736 883 1801 In
917 1738 1022 1821 capite
1050 1742 1139 1823 xyst'

115 1830 263 1912 deinceps
289 1827 563 1912 [cryptoporticus
586 1827 687 1911 horti]
712 1828 817 1892 diaeta
835 1830 897 1910 est,
921 1848 1046 1893 amores
1064 1831 1141 1913 mei,

114 1941 148 1982 re
174 1941 247 1981 vera
270 1939 408 1981 amores:
432 1918 501 2001 ipse
524 1918 626 2001 posui.
669 1916 708 1980 In
731 1917 791 1982 hac
813 1916 1048 1981 heliocaminus
1067 1920 1140 2002 qui·

115 2009 185 2071 dem
206 2007 268 2071 alia
286 2010 430 2090 xystum,
454 2008 517 2074 3113
535 2027 635 2090 mare,
659 2010 795 2089 utraque
814 2007 928 2090 solem,
952 2006 1141 2073 cubiculum

115 2101 221 2160 autern
249 2098 350 2160 valvis
379 2096 667 2180 cryptoporticum,
694 2095 835 2160 fenestra
857 2095 1016 2179 prospicit
1038 2119 1138 2162 mare.
1160 2121 1187 2160 33

62 2201 94 2248 11
116 2184 235 2249 Contra
266 2187 421 2270 parictem
455 2185 594 2250 medium
627 2186 760 2249 zotheca
791 2206 947 2269 perquam
975 2186 1141 2271 eleganter

116 2276 248 2357 recedit,
277 2297 358 2358 quac
383 2273 601 2358 specularibus
625 2277 657 2337 31
679 2274 759 2337 13113
784 2273 932 2338 obductis
956 2273 1141 2342 reductisve

117 2364 212 2428 modo
245 2364 382 2428 adicitur
413 2364 575 2446 cubicula,
608 2363 704 2427 modo
739 2363 891 2427 aufertur.
942 2363 1076 2428 Lectum
1107 2369 1141 2430 et

117 2454 194 2517 duas
223 2453 389 2517 cathedras
418 2454 517 2537 capit3
545 2451 722 2535 apedibus
747 2475 847 2536 mare,
874 2475 893 2515 a
916 2456 1007 2538 tergo
1031 2453 1140 2538 villae,

116 2567 134 2606 a
166 2544 271 2625 capite
304 2543 415 2606 silvae:
447 2546 498 2607 tot
524 2542 621 2607 facies
650 2543 795 2606 locorum
823 2541 959 2606 totidem
987 2541 1139 2609 fenestris
1159 2563 1186 2606 13

62 2636 148 2696 1131
171 2632 343 2716 distinguit
366 2635 397 2695 31
421 2633 541 2696 miscet.
583 2630 732 2696 Iunctum
757 2636 806 2696 est
829 2631 1012 2696 cubiculum
1031 2634 1139 2698 noctis

116 2726 148 2786 et
178 2722 290 2785 somni.
345 2720 422 2784 Non
454 2721 534 2784 illud
567 2743 660 2785 voces
694 2724 907 2802 servulorum,
939 2742 1006 2784 non
1038 2723 1138 2787 maris

115 2833 271 2893 murmur,
290 2832 356 2874 non
374 2813 602 2893 tempestatum
622 2814 743 2892 motus,
761 2833 827 2874 non
845 2810 1011 2894 fulgurum
1025 2811 1139 2876 lumen

115 2923 152 2964 ac
175 2923 215 2963 ne
239 2900 323 2963 diem
348 2900 476 2982 quidem
501 2899 599 2963 sentit
620 2901 684 2963 nisi
707 2900 856 2963 fenestris
880 2899 1007 2982 apertis.
1054 2898 1139 2966 Tam

64 3054 66 3063 ,
116 2990 173 3053 3111
193 2989 357 3070 abditique
377 2990 490 3053 secreti
509 2989 565 3052 illa
583 2989 680 3070 ratio,
699 2988 785 3071 quod
804 2990 995 3053 interiacens
1010 2988 1138 3056 andron
1156 3010 1186 3050 so

115 3079 253 3162 parietes
281 3079 422 3143 cubiculi
449 3078 599 3159 hortique
623 3077 794 3162 distinguit
817 3081 913 3160 atque
937 3079 983 3142 ita
1007 3101 1138 3144 omnem

187 3280 202 3326 2
217 3273 307 3326 ventis
323 3274 361 3326 M
365 3273 435 3337 VD,
455 3272 491 3324 Κ.
503 3273 545 3335 11,
564 3274 663 3324 ventus
674 3272 824 3339 RFpra,
844 3273 918 3338 KJ,
941 3271 1012 3337 osto,
1026 3272 1137 3338 Maseli,

116 3347 202 3399 Merr.
277 3350 292 3397 3
308 3346 372 3397 ante
387 3375 421 3382 —
439 3349 454 3395 5
469 3344 547 3396 131131
563 3344 713 3411 11111313,
729 3345 795 3397 ante
813 3343 1053 3411 cryptoporticum
1068 3358 1137 3396 area

116 3419 212 3486 (auget
226 3418 265 3483 D)
286 3434 356 3484 quae
376 3418 408 3468 ut
426 3416 504 3469 tenet
519 3417 557 3469 M
565 3415 632 3469 VD.
706 3419 721 3466 5
737 3414 847 3468 inhibet
861 3415 1042 3481 continetque
1057 3414 1095 3466 M
1104 3415 1137 3468 V.

115 3492 231 3542 13111113
250 3507 287 3540 m.
306 3489 448 3555 RFprc.
511 3493 542 3539 17
564 3487 691 3554 cryptop.
705 3485 781 3540 horti
795 3488 846 3540 del.
862 3488 900 3540 K.
911 3487 948 3539 11
960 3486 1042 3554 (disp.
1053 3488 1068 3538 I
1077 3490 1136 3553 17).

82 3563 138 3675 62ῖέ
150 3576 209 3679 qpba
226 3576 308 3614 mare
325 3561 452 3628 Mra,
472 3559 542 3616 Otto.
618 3563 650 3612 31
665 3557 805 3629 parietem
818 3559 906 3624 codd,
919 3557 1001 3626 culp,
1010 3557 1136 3626 parietes

83 3638 86 3642 ’
131 3642 167 3676 m
200 3647 235 3682 er,
325 3646 327 3651 ⁴
