2400 3862
559 183 589 240 O.
607 183 707 239 PLINI

613 353 650 413 V.

316 479 347 532 C.
362 479 510 532 PLINIUS
528 480 644 532 NOVIO
662 479 810 531 MAXIMO
831 479 900 530 SUO
921 479 949 530 S.

88 599 102 647 1
180 580 359 646 Nuntiatur
382 579 463 645 mihi
483 577 516 645 0,
535 578 696 645 Fannium
719 579 905 663 decessisse,
930 581 987 663 qui
1009 580 1143 644 nuntius

122 692 173 735 me
197 670 289 756 gravi
312 670 423 735 dolore
446 669 605 755 confudit,
628 669 769 753 primum
793 669 880 753 quod
909 669 1013 734 amavi
1040 669 1144 733 homi-

122 782 196 825 nem
228 761 415 845 elegantem,
448 759 619 841 disertum,
651 758 765 823 deinde
797 757 885 842 quod
925 757 1043 824 iudicio
1075 758 1177 823 eiusc

121 850 170 914 uti
194 848 346 915 solebam.
391 847 472 913 Erat
485 848 572 913 enim
586 850 698 913 acutus
716 850 840 929 natura,
863 867 924 911 usu
943 848 1145 934 exercitatus,

86 938 256 1003 averitate
286 937 557 1022 promptissimus.
612 935 716 1023 Angit
747 958 799 1001 me
832 959 929 1021 super
958 938 1021 1002 ista
1051 958 1143 1003 casus

122 1028 237 1112 ipsius:
261 1026 397 1092 decessit
418 1026 520 1092 veteri
542 1029 744 1101 testamenta,
768 1025 887 1109 omisit,
911 1047 991 1109 quos
1006 1025 1143 1091 maxime

122 1117 290 1203 diligebat,
320 1119 510 1200 prosecutus
534 1119 596 1201 est,
628 1115 746 1200 quibus
770 1115 922 1180 offensior
951 1119 1026 1181 erat.
1080 1113 1144 1181 Sed

90 1225 93 1230 ·
121 1207 185 1271 hoe
207 1209 382 1289 utcumque
405 1204 582 1290 tolerabile,
605 1205 735 1291 gravius
754 1204 844 1289 illud,
864 1204 951 1288 quod
969 1205 1145 1289 pulcherri-
1166 1223 1190 1263 1⁰

87 1310 211 1359 amum
231 1316 312 1378 opus
331 1293 555 1378 imperfectum
578 1293 718 1378 reliquit.
764 1293 917 1370 Quamvis
941 1294 1026 1358 enim
1051 1315 1146 1380 agen·

123 1384 171 1449 dis
195 1383 299 1448 causis
323 1383 582 1470 distringeretur,
609 1383 769 1449 scribebat
791 1387 900 1447 tamen
930 1383 1035 1448 exitus
1064 1385 1146 1449 occi·

123 1495 232 1539 sorum
252 1476 307 1537 aut
329 1474 546 1559 relegatorum
579 1494 598 1537 a
629 1471 759 1538 Nerone
791 1475 824 1536 et
855 1472 919 1536 iam
949 1475 1014 1537 tres
1044 1472 1145 1538 libros

123 1563 305 1627 absolverat
328 1561 461 1626 subtiles
485 1565 517 1626 et
540 1561 710 1646 diligentes
730 1564 762 1626 et
784 1560 917 1627 Latinos
941 1565 1038 1644 atque
1061 1562 1146 1627 inter

123 1673 303 1717 sermonem
321 1650 554 1735 historiamque
572 1651 695 1715 medios
715 1671 752 1715 ae
769 1654 861 1715 tanto
881 1651 984 1736 magis
1001 1651 1145 1735 reliquos
1166 1676 1190 1716 u

123 1741 275 1825 perficere
294 1739 453 1824 cupiebat,
477 1743 597 1824 quanto
621 1739 821 1824 frequentius
844 1740 879 1804 hi
906 1739 1144 1806 lectitabantur.

86 1829 204 1894 4Mihi
227 1832 334 1894 autem
357 1828 485 1894 uidetur
512 1829 625 1894 acerba
653 1849 779 1923 semper
807 1833 840 1893 et
866 1829 1028 1894 inmatura
1057 1852 1145 1895 mors

124 1941 248 2002 eorum,
277 1918 333 2003 qui
360 1917 531 1983 inmortale
559 1917 680 2001 aliquid
708 1922 832 2002 parant.
877 1917 978 2002 Nam,
1007 1920 1063 2003 qui
1091 1942 1146 1984 vo·

123 2007 302 2092 luptatibus
327 2005 427 2072 dediti
450 2008 543 2091 quasi
565 2007 600 2072 in
623 2006 708 2072 diem
731 2007 855 2090 vivunt,
877 2008 1008 2072 vivendi
1032 2030 1144 2074 causas

125 2096 241 2162 cotidie
264 2097 395 2181 finiunt3
419 2097 475 2181 qui
489 2118 565 2163 uero
584 2099 731 2180 posteros
747 2095 892 2182 cogitant
906 2100 938 2161 et
956 2098 1144 2162 memoriam
1164 2122 1190 2161 aa

124 2186 174 2250 sui
198 2186 347 2270 operibus
372 2186 561 2265 extendunt,
584 2186 636 2250 his
664 2185 755 2250 nulla
777 2207 864 2251 mors
888 2208 955 2251 non
977 2188 1147 2270 repentina

124 2278 184 2353 est,
226 2279 264 2339 ut
301 2297 383 2359 quae
424 2297 549 2359 semper
585 2274 772 2341 inchoatum
810 2275 932 2359 aliquid
965 2276 1145 2360 abrumpat.

89 2378 105 2427 5
125 2360 221 2428 Gaius
246 2363 376 2448 quidem
399 2363 555 2448 Fannius,
578 2364 664 2447 quod
688 2363 813 2447 accidit,
836 2366 940 2429 multo
964 2368 1038 2430 ante
1056 2387 1145 2449 prae·

125 2452 231 2517 sensit.
284 2451 382 2518 Visus
407 2458 456 2518 est
483 2452 546 2518 sibi
572 2476 630 2538 per
654 2457 846 2519 nocturnam
874 2454 1015 2538 quietem
1043 2455 1146 2520 iacere

125 2544 159 2606 in
180 2543 300 2607 lectulo
331 2564 389 2606 suo
420 2543 619 2627 compositus
649 2542 684 2607 in
713 2543 860 2608 habitum
891 2543 1058 2627 studentis,
1090 2544 1146 2609 ha·
1165 2566 1189 2606 se

125 2631 199 2696 bere
223 2634 296 2696 ante
320 2652 353 2695 se
382 2632 535 2696 scrinium
570 2631 631 2719 (ita
662 2630 814 2718 solebat);
844 2654 920 2697 mox
952 2632 1146 2719 imaginatus

125 2724 174 2786 est
196 2720 321 2786 uenisse
338 2718 511 2804 Neronem,
534 2723 569 2785 in
592 2726 663 2787 toro
682 2722 845 2806 resedisse,
863 2723 1060 2806 prompsisse
1083 2724 1147 2807 pri·

125 2832 215 2875 mum
237 2810 366 2890 librum,
389 2831 485 2893 quem
503 2810 542 2875 de
557 2811 730 2876 sceleribus
754 2812 822 2876 eius
841 2811 990 2895 ediderat,
1010 2834 1147 2896 eumque

125 2899 166 2963 ad
204 2903 380 2964 extremum
417 2898 571 2984 volvisse,
606 2901 691 2965 idem
728 2901 762 2965 in
799 2901 939 2966 secundo
977 2922 1013 2965 ac
1050 2902 1146 2967 tertio

20 3008 34 3087 ζ·
90 2988 248 3068 efecisse,
271 2992 349 3054 tunc
372 2987 484 3052 abisse.
531 2988 673 3074 Expavit
696 2994 728 3055 et
751 2989 797 3055 sic
829 2991 1059 3074 interpretatus
1090 2995 1147 3077 est,
1166 3011 1190 3050 aa

199 3153 214 3200 2
233 3147 323 3202 Novio
343 3162 376 3202 ec
392 3146 449 3200 solo
463 3145 491 3200 R
505 3145 593 3200 Merr.
613 3149 703 3214 tacite,
723 3146 816 3202 Nonio
834 3147 918 3218 culp,
936 3149 971 3214 cf.
986 3149 1024 3203 ad
1037 3150 1088 3204 IV
1101 3153 1146 3203 20.

127 3223 142 3270 3
168 3219 317 3272 nuntiatur
335 3222 436 3288 (nune,
455 3219 545 3284 none.)
569 3219 718 3287 RFpra,
744 3219 819 3287 Otto,
841 3220 877 3286 cf.
896 3221 953 3274 ΙΙΙ
966 3223 1012 3287 21,
1031 3226 1057 3286 1,
1077 3238 1147 3273 nun-

125 3290 230 3342 tiatum
250 3290 289 3356 D,
310 3288 472 3343 nuntiatum
489 3305 526 3343 m.
545 3290 589 3343 est
607 3291 652 3357 M,
671 3292 719 3358 K,
738 3290 836 3361 Stangl
854 3294 915 3346 649.
995 3297 1013 3346 4
1032 3291 1148 3345 confun-

126 3360 171 3414 dit
190 3363 232 3415 M.
320 3366 336 3414 6
356 3363 414 3414 nat,
434 3362 508 3414 aaut.
527 3360 671 3430 RFpra.
758 3367 773 3416 ‘1
792 3362 930 3417 varietate
945 3375 998 3431 ps,
1017 3362 1148 3417 ubertate

120 3432 254 3485 Momms.
369 3438 403 3487 25
427 3432 557 3486 habitum
580 3432 651 3499 RF,
675 3433 713 3488 K.
728 3435 775 3497 11,
798 3433 900 3487 habitu
924 3435 961 3488 M
961 3452 1045 3503 pra,
1069 3436 1107 3489 Κ.
1122 3437 1148 3489 Ι.

106 3502 149 3547 27
164 3501 311 3556 resedisse
325 3505 368 3559 M
371 3505 404 3560 I)
406 3521 454 3575 pr
457 3547 467 3575 ,
480 3505 564 3579 culp,
579 3503 684 3560 sedisse
699 3506 800 3572 Rea,
814 3507 902 3561 Mers.
977 3510 1010 3560 29
1029 3505 1148 3560 volvisse

91 3563 172 3635 BE
189 3573 358 3633 revolvisse
376 3579 412 3634 D
413 3596 489 3650 pru
493 3623 503 3651 ,
523 3581 610 3654 culp,
627 3576 794 3635 revolvisset
813 3577 857 3632 M.
