2400 3862
522 178 550 234 Ο.
570 179 669 233 PLINI

540 349 649 408 XXIV.

366 478 397 527 O.
412 477 558 528 PLINIUS
578 476 703 527 MAGRO
724 477 793 528 SUO
815 477 842 528 S.

48 612 60 659 1
150 597 253 674 Quam
281 596 421 660 multum
448 595 596 676 interest,
624 617 643 658 a
672 615 736 678 quo
761 595 839 678 quid
868 596 939 660 fiat!
984 596 1110 662 Eadem

82 688 166 751 enim
192 687 277 751 facta
300 684 445 750 claritate
467 685 520 748 vel
543 683 739 749 obscuritate
761 684 949 750 facientium
972 689 1030 751 aut
1048 687 1111 751 tol·

47 791 62 837 ι
82 777 195 840 Ιιιιιιιιι·
208 775 364 840 altissime
379 777 437 839 aut
449 772 631 838 humillime
646 771 881 858 deprimunturss
903 773 1111 861 Navigabam
1131 794 1143 833 o

82 887 141 950 per
160 864 292 928 Larium
315 867 477 947 nostrum,
501 884 575 928 cum
600 861 706 927 senior
725 862 848 928 amicus
868 863 1011 930 ostendit
1029 863 1111 928 mihi

83 955 193 1016 villam
225 956 379 1035 atquet
346 953 443 1018 otiam
467 951 668 1035 cubiculum,
691 952 778 1036 quod
802 952 836 1016 in
859 954 966 1019 lacum
990 952 1112 1038 promi-

82 1047 150 1106 net:
182 1042 237 1106 ex
259 1041 369 1107 hoc''
360 1042 468 1125 1nquit
491 1040 681 1124 aliquando
705 1042 883 1145 municeps
898 1046 1010 1107 nostra
1036 1064 1111 1108 cum

48 1132 199 1195 emerito
181 1153 262 1196 ose
295 1130 544 1216 praecipitavit&
598 1128 734 1195 Causam
764 1131 927 1215 requisivi.
973 1131 1073 1196 Marit
1058 1135 1111 1196 tus

83 1243 123 1285 ex
160 1221 240 1285 diut'
216 1225 285 1285 tino
323 1222 436 1285 morbo
474 1221 559 1286 circa
595 1220 731 1285 velanda
766 1220 911 1375 corporis
948 1221 1111 1287 ulceribus
1132 1239 1157 1278 1⁰

83 1314 143 1393 put
129 1311 301 1375 ttrescebat
334 1332 430 1390 uxor,
457 1314 495 1373 ut
524 1309 711 1395 inspiceret,
741 1310 862 1395 exegit3
889 1332 994 1412 neque
1024 1310 1111 1375 enim

47 1416 64 1461 4
84 1421 278 1483 quemquam
298 1400 424 1464 fidelius
443 1399 565 1465 indicat
551 1403 669 1482 turum,
688 1402 839 1482 possetne
863 1400 976 1464 sanari
1010 1398 1112 1482 Vidit

84 1489 278 1573 desperavit3
251 1489 435 1554 thortata
463 1493 525 1573 est,
554 1491 591 1552 ut
617 1492 809 1572 moreretur,
838 1509 1009 1571 comesque
1040 1489 1112 1573 ipsa

85 1579 211 1660 mortis,
244 1580 350 1642 dur
342 1600 492 1643 immoe
475 1578 728 1661 etexemplum
759 1580 792 1641 et
827 1577 1001 1643 necessitas
1038 1577 1110 1642 fuit.

49 1667 168 1732 oNam
193 1688 323 1748 secum
347 1669 464 1732 marito
482 1667 598 1752 ligavit
584 1666 733 1731 tabiecit
735 1688 796 1768 que
815 1666 850 1731 in
867 1667 983 1732 lacum.
1017 1665 1112 1769 Quod
1133 1684 1157 1722 1⁵

84 1757 150 1821 fact
136 1761 206 1820 tum
233 1778 275 1820 ne
306 1757 387 1820 mihi
415 1756 558 1839 quidem,
587 1755 644 1837 qui
675 1756 854 1839 municeps,
877 1755 941 1820 nisi
964 1757 1112 1840 proxime

85 1847 231 1910 auditum
261 1850 323 1928 est,
353 1867 420 1909 non
452 1845 528 1928 quia
558 1844 664 1910 minus
695 1845 752 1909 illo
785 1845 964 1910 clarissimo
997 1843 1112 1910 Arriae

85 1936 185 2018 facto,
209 1936 265 2000 sed
289 1935 365 2018 quia
388 1934 495 1998 minor
519 1934 599 2017 ipsa.
644 1932 733 1998 Vale.

552 2118 644 2178 XXV.

337 2247 368 2296 Ο.
384 2245 529 2295 PLINIUS
549 2244 708 2296 HISPANO
727 2245 799 2304 ‚SUO
820 2247 847 2295 S.
1133 2255 1159 2294 ro

51 2381 64 2426 1
154 2361 275 2427 Scribis
299 2363 497 2446 Robustum,
527 2362 731 2447 splendidum
755 2363 896 2447 equitem
920 2362 1112 2445 Romanum,

86 2474 159 2517 oum
183 2452 285 2517 Atilio
310 2451 444 2532 Scauro,
469 2451 572 2517 amico
596 2474 683 2536 meo,
702 2451 887 2518 Ocriculum
907 2473 1009 2535 usque
1028 2473 1114 2516 oom-

86 2563 182 2605 mune
219 2542 281 2605 iter
318 2542 494 2627 peregisse,
531 2541 644 2607 deinde
681 2564 841 2625 nusquam
880 2541 1114 2624 comparuisse3

86 2631 184 2715 petis,
210 2634 248 2694 ut
271 2628 410 2697 Scaurus
439 2632 547 2696 veniat
575 2653 712 2715 nosque,
741 2633 768 2696 si
798 2633 919 2716 potest,
947 2630 981 2693 in
1005 2630 1114 2712 aliqua

51 2720 306 2804 ainquisitionis
348 2721 485 2806 vestigia
512 2720 666 2800 inducat.
735 2719 866 2802 Veniet3
909 2741 1036 2801 vereor,
1073 2741 1114 2783 ne
1133 2738 1167 2777 ιι

87 2810 215 2874 frustra.
262 2807 417 2893 Suspicor
440 2811 526 2874 enim
550 2811 614 2874 tale
637 2811 746 2875 nescio
779 2808 856 2892 quid
887 2807 1036 2873 Robusto
1065 2830 1115 2872 ac-

88 2899 203 2964 cidisse
228 2899 321 2982 quale
345 2898 519 2981 aliquando
543 2899 668 2964 Metilio
693 2897 806 2982 Crispo
812 2947 822 2982 ,
852 2897 1010 2983 municipi
1034 2919 1114 2962 meo.

52 3003 67 3050 3
88 2986 174 3052 Huic
197 3010 257 3073 ego
282 2987 427 3052 ordinem
455 2988 701 3071 impetraveram
724 2991 822 3070 atque
840 2987 942 3058 ¹etiam
971 2986 1115 3073 proficis-

88 3078 174 3142 centi
148 3076 411 3162 tquadraginta
433 3076 523 3140 milia
554 3099 723 3142 nummum
753 3077 793 3140 ad
825 3076 1049 3142 instruendum
1083 3099 1116 3140 se

89 3167 331 3250 ornandumque
359 3167 552 3232 donaveram
571 3188 630 3232 nec
653 3169 766 3250 postea
789 3170 845 3230 aut
868 3167 1021 3250 epistulas
1046 3166 1114 3230 eius
1135 3185 1161 3224 ιι

53 3259 146 3320 rant
173 3255 313 3339 aliquem
343 3257 381 3320 de
409 3256 497 3321 exitu
526 3255 676 3320 nuntium
707 3255 824 3339 accepi.
871 3254 1114 3339 Interceptusne

162 3438 177 3485 3
197 3451 214 3485 a
232 3450 287 3501 quo
307 3433 377 3501 quid
392 3434 429 3487 K.
440 3433 478 3486 11
489 3432 571 3500 (disp.
582 3432 619 3485 ΙΙ
632 3433 690 3498 12),
708 3429 778 3498 quid
793 3447 810 3484 a
825 3447 936 3500 quoque
952 3431 990 3484 M
994 3430 1024 3483 D
1030 3445 1112 3497 pro

87 3522 107 3556 a
122 3521 178 3569 quo
193 3505 332 3573 quidque
347 3506 385 3559 K.
396 3506 422 3572 1,
439 3503 509 3571 orto,
520 3502 627 3569 Maeli,
642 3501 743 3570 quida
758 3519 813 3570 quo
829 3502 947 3558 Gaaoub.
1022 3506 1055 3554 31
1071 3501 1114 3554 ιιι-

71 3576 224 3639 terceptus
239 3592 313 3631 noco
331 3577 374 3631 sit
384 3594 439 3648 pr.
