2400 3862
114 219 178 285 162
551 218 579 273 e.
599 217 699 271 111111

111 379 190 444 satis
210 381 380 446 evadere?
412 379 650 464 Respondimus
669 404 735 447 uon
754 382 982 447 commissuros
1001 404 1076 466 nos,
1100 387 1137 447 ut

58 488 90 534 11
112 470 150 533 de
186 472 288 536 salute
321 471 408 534 illius
445 470 561 535 inserti
597 474 726 535 nostrae
764 472 1012 537 consuleremus.
1060 471 1137 538 Non

112 564 255 632 moratus
287 561 374 624 ultra
412 559 551 643 proripit
589 582 623 624 se
662 560 829 643 effusoque
861 582 957 626 eursu
989 561 1136 644 periculo

111 649 262 714 aufertur.
304 648 374 714 Neo
393 651 496 713 multo
515 653 590 732 post
612 649 670 713 illa
687 649 790 715 nubes
810 650 1000 733 descendere
1019 650 1055 715 in
1073 655 1135 716 ter·

111 759 176 821 ras,
212 737 337 822 operire
374 738 488 820 maria,
517 738 661 803 cinxerat
688 737 826 822 Capreas
855 744 887 804 et
914 740 1166 824 abscondente

58 845 91 893 12
111 827 228 892 Miseni
251 827 339 910 quod
362 827 537 912 procurrit,
561 827 746 893 abstulerat.
792 828 875 893 Tum
904 834 1008 894 mater
1035 851 1137 912 orare,
1168 837 1171 842 ’

110 917 244 999 hortari,
279 916 403 1000 iubere,
438 938 569 1000 quoquo
600 917 697 982 modo
727 917 900 1003 fugerem,
919 939 1016 1002 posse
1048 919 1136 984 enim

110 1006 269 1090 iuuenem,
288 1029 322 1071 se
341 1011 373 1071 et
387 1007 479 1070 annis
499 1012 532 1071 et
546 1028 680 1090 eorpore
695 1028 826 1093 gravem
840 1006 921 1072 bene
936 1007 1136 1092 morituram,

111 1095 144 1159 si·
162 1094 243 1159 mihi
267 1117 362 1161 eausa
386 1095 500 1161 mortis
523 1118 590 1160 uon
612 1096 735 1162 fuisset.
762 1096 849 1182 Ego
873 1100 987 1162 eontra
1011 1097 1135 1164 saluum

110 1191 175 1338 rqe
191 1186 256 1250 nisi
285 1209 351 1250 una
379 1207 446 1250 non
475 1186 635 1270 futurum,
665 1186 779 1251 deinde
809 1209 941 1251 manum
972 1186 1040 1251 eius
1070 1209 1133 1251 am·
1153 1207 1178 1245 lo

109 1297 224 1357 pexus
252 1275 367 1340 addere
395 1275 531 1361 gradum
554 1296 644 1361 oogo.
698 1274 793 1340 Paret
820 1297 915 1362 aegre
945 1276 1133 1360 incusatque

58 1381 89 1428 13
110 1385 158 1448 se,
182 1365 270 1448 quod
293 1387 344 1429 me
367 1369 520 1430 moretur.
566 1363 634 1429 Iam
658 1364 751 1447 einis,
775 1364 880 1429 adhue
902 1370 1013 1429 tamen
1035 1387 1133 1430 rarus.

110 1453 276 1537 Respioio:
301 1455 400 1519 densa
422 1454 527 1539 caligo
552 1454 651 1539 tergis
676 1453 868 1536 inminebat,
892 1475 973 1536 quae
992 1475 1052 1519 nos
1071 1458 1135 1518 tor·

109 1544 210 1606 rentis
238 1544 336 1608 modo
369 1543 477 1606 infusa
505 1546 609 1606 terrae
639 1542 840 1625 sequebatur.
887 1542 1135 1609 ‘Defleetamus’

110 1632 255 1713 inquam,
287 1631 378 1695 ‘dum
401 1631 560 1714 videmus,
588 1654 629 1696 ne
652 1631 687 1697 in
714 1631 767 1696 via
789 1632 883 1697 strati
909 1632 1135 1697 comitantium
1155 1655 1179 1695 11

58 1739 90 1786 14
110 1720 205 1784 turba
232 1721 266 1783 in
294 1721 433 1785 tenebris
462 1720 670 1786 obteramur'.
721 1719 786 1785 Vix
817 1721 1077 1806 consederamus,
1104 1726 1137 1787 et

112 1831 191 1891 nox,
221 1831 288 1873 non
307 1810 411 1892 qualis
431 1808 551 1873 inlunis
572 1813 628 1873 aut
645 1810 770 1893 nubila,
794 1811 850 1875 sed
874 1810 978 1893 qualis
997 1811 1032 1874 in
1054 1812 1136 1876 loeis

111 1898 228 1962 olausis
256 1898 379 1963 lumine
407 1899 559 1962 extincto.
606 1896 743 1964 Audires
767 1899 910 1964 ululatus
933 1899 1136 1983 feminarum,

109 1988 284 2052 infantium
312 1987 499 2071 quiritatus,
527 1988 683 2052 clamores
711 1989 869 2070 virorum3
896 1988 952 2051 alii
976 1992 1137 2071 parentes,

111 2079 166 2141 alii
188 2077 322 2161 liberos,
345 2078 401 2142 alii
423 2076 577 2162 coniuges
600 2076 734 2141 vooibus
757 2076 977 2161 requirebant,
999 2075 1135 2141 voeibus
1154 2101 1180 2141 ao

110 2167 328 2252 noscitabant3
350 2168 386 2231 hi
409 2187 504 2230 suum
528 2187 651 2249 oasum,
669 2165 719 2230 illi
733 2186 865 2230 suorum
884 2165 1135 2248 miserabantur3

58 2272 91 2319 15
111 2260 215 2338 erant,
243 2258 299 2339 qui
322 2261 411 2322 metu
434 2255 547 2320 mortis
571 2259 707 2320 mortem
732 2259 951 2338 precarentur3
975 2254 1071 2320 multi
1094 2256 1134 2318 ad

110 2344 187 2407 deos
217 2367 330 2410 manus
360 2347 489 2428 tollere,
519 2345 628 2429 plures
657 2365 817 2429 nusquam
847 2346 912 2410 iam
942 2347 1018 2411 deos
1048 2345 1133 2409 ullos

110 2436 336 2516 aeternamque
355 2436 445 2499 illam
464 2439 497 2499 et
514 2434 724 2499 novissimam
746 2439 875 2523 noctem
894 2435 1014 2500 mundo
1038 2435 1134 2498 inter-

109 2522 327 2609 pretabantur.
360 2524 430 2590 Neo
453 2524 636 2607 defuerunt,
660 2524 717 2609 qui
739 2524 824 2589 fietis
848 2523 1053 2606 mentitisque
1072 2527 1134 2587 ter·
1152 2545 1178 2586 ss

110 2611 237 2678 roribus
266 2634 341 2675 vera
369 2614 513 2696 pericula
541 2618 703 2700 augerent.
749 2612 906 2696 Aderant,
934 2612 990 2695 qui
1016 2611 1133 2676 Miseni

110 2703 192 2768 illud
220 2702 334 2783 ruisse,
362 2702 443 2765 illud
472 2703 583 2768 ardere
612 2703 710 2786 falso,
737 2703 793 2768 sed
821 2700 1025 2768 credentibus
1052 2723 1134 2765 nun-

58 2809 91 2856 16
110 2793 244 2857 tiabant.
272 2789 409 2854 Paulum
429 2793 560 2877 reluxit,
585 2793 670 2875 quod
694 2814 760 2857 non
780 2791 846 2855 dies
869 2789 979 2873 nobis,
1002 2790 1058 2854 sed
1081 2790 1133 2854 ad-

111 2882 272 2946 ventantis
301 2879 385 2966 ignis
414 2880 570 2946 indicium
597 2881 774 2946 videbatur.
820 2878 865 2944 Et
894 2878 978 2964 ignis
1003 2879 1131 2962 quidem

109 2970 240 3056 longius
271 2968 429 3053 substitit,
453 2971 603 3034 tenebrae
625 2990 750 3051 rursus,
773 2968 853 3033 einis
876 2989 987 3032 rursus
1011 2970 1132 3033 multus
1151 2991 1177 3029 ao

110 3064 143 3123 et
165 3060 282 3145 gravis.
327 3058 424 3123 Hune
452 3058 625 3125 identidem
648 3059 856 3142 adsurgentes
880 3057 1132 3139 excutiebamus3

111 3149 216 3232 operti
253 3148 375 3232 alioqui
412 3151 509 3230 atque
541 3148 638 3212 etiam
671 3146 767 3211 oblisi
803 3145 945 3230 pondere
983 3168 1132 3213 essemus.

183 3330 217 3378 10
243 3324 309 3379 dein
333 3326 377 3391 M,
396 3325 444 3390 K,
469 3325 565 3390 Mera,
591 3322 691 3376 deinde
717 3323 834 3391 Dara,
863 3323 936 3389 Otto,
964 3324 1072 3389 Muell,
1097 3324 1131 3388 ef.

109 3397 189 3463 infra
203 3401 247 3462 31,
263 3400 298 3451 12
302 3417 313 3463 ;
325 3397 386 3451 VII
397 3400 423 3463 4,
437 3399 471 3462 4,·
482 3397 528 3460 27,
542 3399 576 3461 8,·
589 3394 639 3448 IX
650 3397 695 3460 36,
709 3398 734 3448 3.
810 3399 842 3448 11
858 3412 882 3449 o.
893 3395 1034 3461 Hofaoker
1043 3410 1073 3462 p.
1089 3398 1131 3447 54.

111 3475 145 3522 16
165 3468 325 3536 operiamur
344 3469 397 3535 M,
421 3465 573 3522 obruamur
595 3465 652 3521 eod.
678 3466 774 3521 Urbis.
793 3467 841 3520 lat.
861 3469 933 3520 1153
956 3467 1079 3533 (Mea).
1099 3496 1132 3505 -

98 3539 148 3588 vix
163 3539 385 3594 consideramus
403 3540 444 3594 M
447 3539 479 3594 D
482 3555 544 3610 pa,
568 3537 617 3606 K,
641 3535 687 3590 via
705 3539 735 3592 et
754 3553 929 3592 sumeremus
948 3554 971 3603 r,
994 3536 1040 3590 vix
1057 3536 1132 3590 viam

77 3603 309 3664 deserueramus
328 3625 351 3665 ς,
433 3617 469 3667 19
489 3611 635 3670 infantum
657 3610 702 3681 M,
722 3609 760 3666 Κ.
