<?xml version="1.0" encoding="UTF-8"?>
<!DOCTYPE html PUBLIC "-//W3C//DTD XHTML 1.0 Transitional//EN"
    "http://www.w3.org/TR/xhtml1/DTD/xhtml1-transitional.dtd">
<html xmlns="http://www.w3.org/1999/xhtml" xml:lang="en" lang="en">
 <head>
  <title>
</title>
<meta http-equiv="Content-Type" content="text/html;charset=utf-8" />
  <meta name='ocr-system' content='tesseract 3.04.00' />
  <meta name='ocr-capabilities' content='ocr_page ocr_carea ocr_par ocr_line ocrx_word'/>
</head>
<body>
  <div class='ocr_page' id='page_1' title='image "./cplinicaecilise00kukugoog_0167.png"; bbox 0 0 2400 3862; ppageno 0'>
   <div class='ocr_carea' id='block_1_1' title="bbox 97 207 678 279">
    <p class='ocr_par' dir='ltr' id='par_1_1' title="bbox 97 207 678 279">
     <span class='ocr_line' id='line_1_1' title="bbox 97 207 678 279; baseline -0.034 1"><span class='ocrx_word' id='word_1_1' title='bbox 97 213 162 279; x_wconf 82' lang='lat' dir='ltr'>rso</span> <span class='ocrx_word' id='word_1_2' title='bbox 535 207 678 263; x_wconf 80' lang='grc'><strong>611111</strong></span> 
     </span>
    </p>
   </div>
   <div class='ocr_carea' id='block_1_2' title="bbox 61 370 1122 723">
    <p class='ocr_par' dir='ltr' id='par_1_2' title="bbox 61 370 1122 723">
     <span class='ocr_line' id='line_1_2' title="bbox 61 370 1121 449; baseline -0.006 -9"><span class='ocrx_word' id='word_1_3' title='bbox 61 391 77 441; x_wconf 83' lang='grc'>3</span> <span class='ocrx_word' id='word_1_4' title='bbox 96 374 136 439; x_wconf 89' lang='lat' dir='ltr'>ad</span> <span class='ocrx_word' id='word_1_5' title='bbox 152 373 344 438; x_wconf 90' lang='lat' dir='ltr'>desiderium</span> <span class='ocrx_word' id='word_1_6' title='bbox 359 372 408 435; x_wconf 93' lang='lat' dir='ltr'>tui</span> <span class='ocrx_word' id='word_1_7' title='bbox 422 371 587 436; x_wconf 89' lang='lat' dir='ltr'>accendor.</span> <span class='ocrx_word' id='word_1_8' title='bbox 629 370 728 449; x_wconf 87' lang='lat' dir='ltr'>Nam,</span> <span class='ocrx_word' id='word_1_9' title='bbox 748 370 838 435; x_wconf 90' lang='lat' dir='ltr'>cuius</span> <span class='ocrx_word' id='word_1_10' title='bbox 852 370 978 435; x_wconf 73' lang='lat' dir='ltr'>litterae</span> <span class='ocrx_word' id='word_1_11' title='bbox 992 373 1121 434; x_wconf 89' lang='lat' dir='ltr'>tantum</span> 
     </span>
     <span class='ocr_line' id='line_1_3' title="bbox 95 459 1121 542; baseline -0.005 -14"><span class='ocrx_word' id='word_1_12' title='bbox 95 463 216 528; x_wconf 91' lang='lat' dir='ltr'>habent</span> <span class='ocrx_word' id='word_1_13' title='bbox 230 462 411 542; x_wconf 80' lang='lat' dir='ltr'>suavitatis,</span> <span class='ocrx_word' id='word_1_14' title='bbox 430 461 527 525; x_wconf 91' lang='lat' dir='ltr'>huius</span> <span class='ocrx_word' id='word_1_15' title='bbox 547 460 748 524; x_wconf 83' lang='lat' dir='ltr'>sermonibus</span> <span class='ocrx_word' id='word_1_16' title='bbox 769 463 925 542; x_wconf 89' lang='lat' dir='ltr'>quantum</span> <span class='ocrx_word' id='word_1_17' title='bbox 940 459 1121 524; x_wconf 92' lang='lat' dir='ltr'>dulcedinis</span> 
     </span>
     <span class='ocr_line' id='line_1_4' title="bbox 96 549 1122 633; baseline -0.003 -16"><span class='ocrx_word' id='word_1_18' title='bbox 96 554 193 617; x_wconf 84' lang='grc'><strong>1116611</strong></span> <span class='ocrx_word' id='word_1_19' title='bbox 225 551 276 616; x_wconf 84' lang='lat' dir='ltr'>Tu</span> <span class='ocrx_word' id='word_1_20' title='bbox 298 555 408 615; x_wconf 90' lang='lat' dir='ltr'>tamen</span> <span class='ocrx_word' id='word_1_21' title='bbox 427 570 524 633; x_wconf 87' lang='lat' dir='ltr'>quam</span> <span class='ocrx_word' id='word_1_22' title='bbox 541 549 802 632; x_wconf 87' lang='lat' dir='ltr'>frequentissime</span> <span class='ocrx_word' id='word_1_23' title='bbox 823 549 936 632; x_wconf 90' lang='lat' dir='ltr'>scribe,</span> <span class='ocrx_word' id='word_1_24' title='bbox 959 549 1036 613; x_wconf 91' lang='lat' dir='ltr'>licet</span> <span class='ocrx_word' id='word_1_25' title='bbox 1057 549 1122 614; x_wconf 87' lang='lat' dir='ltr'>hoc</span> 
     </span>
     <span class='ocr_line' id='line_1_5' title="bbox 96 637 768 723; baseline -0.004 -19"><span class='ocrx_word' id='word_1_26' title='bbox 96 642 143 706; x_wconf 91' lang='lat' dir='ltr'>ita</span> <span class='ocrx_word' id='word_1_27' title='bbox 166 664 217 706; x_wconf 94' lang='lat' dir='ltr'>me</span> <span class='ocrx_word' id='word_1_28' title='bbox 241 641 391 723; x_wconf 87' lang='lat' dir='ltr'>delectet,</span> <span class='ocrx_word' id='word_1_29' title='bbox 413 643 450 704; x_wconf 90' lang='lat' dir='ltr'>ut</span> <span class='ocrx_word' id='word_1_30' title='bbox 473 643 632 721; x_wconf 89' lang='lat' dir='ltr'>torqueat.</span> <span class='ocrx_word' id='word_1_31' title='bbox 679 637 768 702; x_wconf 91' lang='lat' dir='ltr'>Vale.</span> 
     </span>
    </p>
   </div>
   <div class='ocr_carea' id='block_1_3' title="bbox 369 822 1153 1003">
    <p class='ocr_par' dir='ltr' id='par_1_3' title="bbox 369 822 1153 1003">
     <span class='ocr_line' id='line_1_6' title="bbox 564 822 1153 884; baseline -0.005 -6"><span class='ocrx_word' id='word_1_32' title='bbox 564 822 647 880; x_wconf 86' lang='lat' dir='ltr'><strong>VIII.</strong></span> <span class='ocrx_word' id='word_1_33' title='bbox 1140 845 1153 884; x_wconf 79' lang='lat'><strong>5</strong></span> 
     </span>
     <span class='ocr_line' id='line_1_7' title="bbox 369 940 849 1003; baseline -0.002 0"><span class='ocrx_word' id='word_1_34' title='bbox 369 940 561 1003; x_wconf 76' lang='grc'><strong>(1111111116</strong></span> <span class='ocrx_word' id='word_1_35' title='bbox 580 948 710 1000; x_wconf 79' lang='grc'><strong>1111666</strong></span> <span class='ocrx_word' id='word_1_36' title='bbox 730 949 800 1000; x_wconf 87' lang='lat' dir='ltr'>suo</span> <span class='ocrx_word' id='word_1_37' title='bbox 819 947 849 1003; x_wconf 84' lang='lat' dir='ltr'>s.</span> 
     </span>
    </p>
   </div>
   <div class='ocr_carea' id='block_1_4' title="bbox 62 1058 1169 3293">
    <p class='ocr_par' dir='ltr' id='par_1_4' title="bbox 62 1058 1169 3293">
     <span class='ocr_line' id='line_1_8' title="bbox 62 1058 1122 1142; baseline -0.003 -9"><span class='ocrx_word' id='word_1_38' title='bbox 62 1086 77 1134; x_wconf 93' lang='lat'>1</span> <span class='ocrx_word' id='word_1_39' title='bbox 139 1058 299 1131; x_wconf 79' lang='lat' dir='ltr'>¹Atilium</span> <span class='ocrx_word' id='word_1_40' title='bbox 324 1065 527 1131; x_wconf 74' lang='lat' dir='ltr'>Crescentem</span> <span class='ocrx_word' id='word_1_41' title='bbox 556 1067 698 1131; x_wconf 83' lang='grc'><strong>61116611</strong></span> <span class='ocrx_word' id='word_1_42' title='bbox 726 1071 758 1131; x_wconf 91' lang='lat' dir='ltr'>et</span> <span class='ocrx_word' id='word_1_43' title='bbox 785 1089 881 1132; x_wconf 89' lang='lat' dir='ltr'>amas.</span> <span class='ocrx_word' id='word_1_44' title='bbox 928 1064 1007 1142; x_wconf 84' lang='lat' dir='ltr'>Quis</span> <span class='ocrx_word' id='word_1_45' title='bbox 1035 1066 1122 1130; x_wconf 91' lang='lat' dir='ltr'>enim</span> 
     </span>
     <span class='ocr_line' id='line_1_9' title="bbox 98 1155 1121 1240; baseline -0.003 -20"><span class='ocrx_word' id='word_1_46' title='bbox 98 1157 190 1220; x_wconf 87' lang='lat' dir='ltr'>illum</span> <span class='ocrx_word' id='word_1_47' title='bbox 215 1156 389 1239; x_wconf 80' lang='lat' dir='ltr'>spectatior</span> <span class='ocrx_word' id='word_1_48' title='bbox 418 1157 515 1240; x_wconf 90' lang='lat' dir='ltr'>paulo</span> <span class='ocrx_word' id='word_1_49' title='bbox 544 1160 600 1220; x_wconf 90' lang='lat' dir='ltr'>aut</span> <span class='ocrx_word' id='word_1_50' title='bbox 626 1178 694 1220; x_wconf 92' lang='lat' dir='ltr'>non</span> <span class='ocrx_word' id='word_1_51' title='bbox 720 1156 812 1220; x_wconf 84' lang='lat' dir='ltr'>novit</span> <span class='ocrx_word' id='word_1_52' title='bbox 840 1159 896 1220; x_wconf 89' lang='lat' dir='ltr'>aut</span> <span class='ocrx_word' id='word_1_53' title='bbox 923 1177 990 1220; x_wconf 94' lang='lat' dir='ltr'>non</span> <span class='ocrx_word' id='word_1_54' title='bbox 1013 1155 1121 1219; x_wconf 80' lang='lat' dir='ltr'>amat?</span> 
     </span>
     <span class='ocr_line' id='line_1_10' title="bbox 62 1242 1122 1330; baseline -0.004 -18"><span class='ocrx_word' id='word_1_55' title='bbox 62 1246 194 1312; x_wconf 81' lang='lat' dir='ltr'>aHunc</span> <span class='ocrx_word' id='word_1_56' title='bbox 218 1267 278 1330; x_wconf 89' lang='lat' dir='ltr'>ego</span> <span class='ocrx_word' id='word_1_57' title='bbox 302 1268 369 1311; x_wconf 93' lang='lat' dir='ltr'>non</span> <span class='ocrx_word' id='word_1_58' title='bbox 391 1251 429 1310; x_wconf 86' lang='lat' dir='ltr'>ut</span> <span class='ocrx_word' id='word_1_59' title='bbox 451 1246 560 1326; x_wconf 90' lang='lat' dir='ltr'>multi,</span> <span class='ocrx_word' id='word_1_60' title='bbox 584 1245 640 1310; x_wconf 90' lang='lat' dir='ltr'>sed</span> <span class='ocrx_word' id='word_1_61' title='bbox 663 1246 822 1310; x_wconf 81' lang='lat' dir='ltr'>artissime</span> <span class='ocrx_word' id='word_1_62' title='bbox 846 1245 956 1330; x_wconf 89' lang='lat' dir='ltr'>diligo.</span> <span class='ocrx_word' id='word_1_63' title='bbox 994 1242 1122 1328; x_wconf 91' lang='lat' dir='ltr'>Oppida</span> 
     </span>
     <span class='ocr_line' id='line_1_11' title="bbox 97 1334 1167 1418; baseline 0 -18"><span class='ocrx_word' id='word_1_64' title='bbox 97 1339 209 1400; x_wconf 91' lang='lat' dir='ltr'>nostra</span> <span class='ocrx_word' id='word_1_65' title='bbox 222 1335 318 1400; x_wconf 91' lang='lat' dir='ltr'>unius</span> <span class='ocrx_word' id='word_1_66' title='bbox 333 1335 398 1400; x_wconf 90' lang='lat' dir='ltr'>diei</span> <span class='ocrx_word' id='word_1_67' title='bbox 412 1334 526 1399; x_wconf 87' lang='lat' dir='ltr'>itinere</span> <span class='ocrx_word' id='word_1_68' title='bbox 541 1335 750 1418; x_wconf 82' lang='lat' dir='ltr'>dirimuntur3</span> <span class='ocrx_word' id='word_1_69' title='bbox 773 1334 837 1417; x_wconf 92' lang='lat' dir='ltr'>ipsi</span> <span class='ocrx_word' id='word_1_70' title='bbox 851 1356 958 1398; x_wconf 91' lang='lat' dir='ltr'>amare</span> <span class='ocrx_word' id='word_1_71' title='bbox 973 1334 1124 1417; x_wconf 85' lang='lat' dir='ltr'>invicem,</span> <span class='ocrx_word' id='word_1_72' title='bbox 1142 1362 1167 1400; x_wconf 86' lang='grc'>16</span> 
     </span>
     <span class='ocr_line' id='line_1_12' title="bbox 98 1423 1122 1510; baseline -0.001 -21"><span class='ocrx_word' id='word_1_73' title='bbox 98 1425 155 1508; x_wconf 91' lang='lat' dir='ltr'>qui</span> <span class='ocrx_word' id='word_1_74' title='bbox 178 1430 227 1489; x_wconf 88' lang='lat' dir='ltr'>est</span> <span class='ocrx_word' id='word_1_75' title='bbox 254 1424 524 1510; x_wconf 88' lang='lat' dir='ltr'>flagrantissimus</span> <span class='ocrx_word' id='word_1_76' title='bbox 553 1446 656 1506; x_wconf 90' lang='lat' dir='ltr'>amor,</span> <span class='ocrx_word' id='word_1_77' title='bbox 687 1423 919 1489; x_wconf 82' lang='lat' dir='ltr'>adulescentuli</span> <span class='ocrx_word' id='word_1_78' title='bbox 947 1423 1122 1505; x_wconf 91' lang='lat' dir='ltr'>coepimus.</span> 
     </span>
     <span class='ocr_line' id='line_1_13' title="bbox 97 1512 1121 1597; baseline -0.001 -20"><span class='ocrx_word' id='word_1_79' title='bbox 97 1513 219 1578; x_wconf 82' lang='lat' dir='ltr'>Mansit</span> <span class='ocrx_word' id='word_1_80' title='bbox 248 1513 302 1578; x_wconf 91' lang='lat' dir='ltr'>hic</span> <span class='ocrx_word' id='word_1_81' title='bbox 333 1517 446 1597; x_wconf 89' lang='lat' dir='ltr'>postea</span> <span class='ocrx_word' id='word_1_82' title='bbox 475 1520 550 1579; x_wconf 88' lang='lat' dir='ltr'>nec&#39;</span> <span class='ocrx_word' id='word_1_83' title='bbox 564 1512 691 1578; x_wconf 81' lang='lat' dir='ltr'>refrixit</span> <span class='ocrx_word' id='word_1_84' title='bbox 722 1512 857 1596; x_wconf 89' lang='lat' dir='ltr'>iudicio,</span> <span class='ocrx_word' id='word_1_85' title='bbox 890 1513 945 1577; x_wconf 92' lang='lat' dir='ltr'>sed</span> <span class='ocrx_word' id='word_1_86' title='bbox 975 1512 1121 1576; x_wconf 86' lang='lat' dir='ltr'>invaluit.</span> 
     </span>
     <span class='ocr_line' id='line_1_14' title="bbox 99 1601 1123 1685; baseline -0.002 -19"><span class='ocrx_word' id='word_1_87' title='bbox 99 1601 226 1682; x_wconf 82' lang='lat' dir='ltr'>Sciunt,</span> <span class='ocrx_word' id='word_1_88' title='bbox 255 1603 311 1685; x_wconf 93' lang='lat' dir='ltr'>qui</span> <span class='ocrx_word' id='word_1_89' title='bbox 339 1605 530 1666; x_wconf 88' lang='lat' dir='ltr'>alterutrum</span> <span class='ocrx_word' id='word_1_90' title='bbox 561 1606 708 1667; x_wconf 88' lang='lat' dir='ltr'>nostrum</span> <span class='ocrx_word' id='word_1_91' title='bbox 731 1602 922 1666; x_wconf 87' lang='lat' dir='ltr'>familiarius</span> <span class='ocrx_word' id='word_1_92' title='bbox 946 1602 1123 1666; x_wconf 89' lang='lat' dir='ltr'>intuentur.</span> 
     </span>
     <span class='ocr_line' id='line_1_15' title="bbox 97 1690 1123 1775; baseline -0.002 -19"><span class='ocrx_word' id='word_1_93' title='bbox 97 1690 183 1756; x_wconf 88' lang='lat' dir='ltr'>Nam</span> <span class='ocrx_word' id='word_1_94' title='bbox 215 1695 246 1754; x_wconf 90' lang='grc'>61</span> <span class='ocrx_word' id='word_1_95' title='bbox 276 1692 331 1755; x_wconf 97' lang='grc'><strong>1116</strong></span> <span class='ocrx_word' id='word_1_96' title='bbox 361 1691 538 1755; x_wconf 89' lang='lat' dir='ltr'>amicitiam</span> <span class='ocrx_word' id='word_1_97' title='bbox 565 1713 670 1756; x_wconf 89' lang='lat' dir='ltr'>meam</span> <span class='ocrx_word' id='word_1_98' title='bbox 696 1692 855 1756; x_wconf 89' lang='lat' dir='ltr'>latissima</span> <span class='ocrx_word' id='word_1_99' title='bbox 882 1691 1123 1775; x_wconf 87' lang='lat' dir='ltr'>praedicatione</span> 
     </span>
     <span class='ocr_line' id='line_1_16' title="bbox 98 1779 1167 1864; baseline 0.003 -21"><span class='ocrx_word' id='word_1_100' title='bbox 98 1780 297 1862; x_wconf 85' lang='lat' dir='ltr'>circumfert,</span> <span class='ocrx_word' id='word_1_101' title='bbox 330 1784 377 1844; x_wconf 70' lang='grc'>61*</span> <span class='ocrx_word' id='word_1_102' title='bbox 393 1802 452 1864; x_wconf 89' lang='lat' dir='ltr'>ego</span> <span class='ocrx_word' id='word_1_103' title='bbox 486 1802 563 1864; x_wconf 92' lang='lat' dir='ltr'>prae</span> <span class='ocrx_word' id='word_1_104' title='bbox 595 1802 646 1845; x_wconf 93' lang='lat' dir='ltr'>me</span> <span class='ocrx_word' id='word_1_105' title='bbox 678 1781 762 1863; x_wconf 91' lang='lat' dir='ltr'>fero,</span> <span class='ocrx_word' id='word_1_106' title='bbox 795 1784 933 1863; x_wconf 90' lang='lat' dir='ltr'>quantae</span> <span class='ocrx_word' id='word_1_107' title='bbox 966 1780 1009 1845; x_wconf 88' lang='lat' dir='ltr'>sit</span> <span class='ocrx_word' id='word_1_108' title='bbox 1040 1779 1123 1844; x_wconf 92' lang='lat' dir='ltr'>mihi</span> <span class='ocrx_word' id='word_1_109' title='bbox 1142 1806 1167 1846; x_wconf 80' lang='lat'>15</span> 
     </span>
     <span class='ocr_line' id='line_1_17' title="bbox 63 1868 1123 1952; baseline -0.002 -18"><span class='ocrx_word' id='word_1_110' title='bbox 63 1887 78 1934; x_wconf 85' lang='lat'><strong>3</strong></span> <span class='ocrx_word' id='word_1_111' title='bbox 98 1891 193 1934; x_wconf 90' lang='lat' dir='ltr'>curae</span> <span class='ocrx_word' id='word_1_112' title='bbox 211 1869 381 1949; x_wconf 87' lang='lat' dir='ltr'>modestia,</span> <span class='ocrx_word' id='word_1_113' title='bbox 405 1869 508 1951; x_wconf 90' lang='lat' dir='ltr'>quies,</span> <span class='ocrx_word' id='word_1_114' title='bbox 532 1870 685 1934; x_wconf 87' lang='lat' dir='ltr'>securitas</span> <span class='ocrx_word' id='word_1_115' title='bbox 705 1871 782 1934; x_wconf 91' lang='lat' dir='ltr'>eius.</span> <span class='ocrx_word' id='word_1_116' title='bbox 813 1868 1023 1952; x_wconf 82' lang='lat' dir='ltr'>Quinetiam,</span> <span class='ocrx_word' id='word_1_117' title='bbox 1047 1891 1123 1934; x_wconf 90' lang='lat' dir='ltr'>cum</span> 
     </span>
     <span class='ocr_line' id='line_1_18' title="bbox 98 1958 1123 2042; baseline -0.001 -19"><span class='ocrx_word' id='word_1_118' title='bbox 98 1959 303 2023; x_wconf 86' lang='lat' dir='ltr'>insolentiam</span> <span class='ocrx_word' id='word_1_119' title='bbox 334 1958 500 2022; x_wconf 89' lang='lat' dir='ltr'>cuiusdam</span> <span class='ocrx_word' id='word_1_120' title='bbox 530 1959 730 2023; x_wconf 88' lang='lat' dir='ltr'>tribunatum</span> <span class='ocrx_word' id='word_1_121' title='bbox 759 1958 863 2042; x_wconf 91' lang='lat' dir='ltr'>plebis</span> <span class='ocrx_word' id='word_1_122' title='bbox 893 1958 1005 2023; x_wconf 89' lang='lat' dir='ltr'>inituri</span> <span class='ocrx_word' id='word_1_123' title='bbox 1034 1981 1123 2022; x_wconf 80' lang='lat' dir='ltr'>vere·</span> 
     </span>
     <span class='ocr_line' id='line_1_19' title="bbox 98 2045 1123 2132; baseline 0 -20"><span class='ocrx_word' id='word_1_124' title='bbox 98 2053 188 2112; x_wconf 90' lang='lat' dir='ltr'>retur</span> <span class='ocrx_word' id='word_1_125' title='bbox 220 2048 316 2131; x_wconf 93' lang='lat' dir='ltr'>idque</span> <span class='ocrx_word' id='word_1_126' title='bbox 349 2048 522 2112; x_wconf 89' lang='lat' dir='ltr'>indicasset</span> <span class='ocrx_word' id='word_1_127' title='bbox 554 2048 648 2131; x_wconf 91' lang='lat' dir='ltr'>mihi,</span> <span class='ocrx_word' id='word_1_128' title='bbox 683 2048 849 2131; x_wconf 88' lang='lat' dir='ltr'>respondi:</span> <span class='ocrx_word' id='word_1_129' title='bbox 887 2049 997 2124; x_wconf 77' lang='grc' dir='ltr'><strong><em>οὔτις</em></strong></span> <span class='ocrx_word' id='word_1_130' title='bbox 1029 2045 1123 2132; x_wconf 78' lang='grc' dir='ltr'><strong><em>ἐμεῦ</em></strong></span> 
     </span>
     <span class='ocr_line' id='line_1_20' title="bbox 99 2134 1122 2221; baseline 0 -20"><span class='ocrx_word' id='word_1_131' title='bbox 99 2141 249 2215; x_wconf 78' lang='grc' dir='ltr'><strong><em>ζῶντος.</em></strong></span> <span class='ocrx_word' id='word_1_132' title='bbox 297 2136 441 2214; x_wconf 82' lang='lat' dir='ltr'>Quorsus</span> <span class='ocrx_word' id='word_1_133' title='bbox 468 2136 570 2201; x_wconf 83' lang='lat' dir='ltr'>haec?</span> <span class='ocrx_word' id='word_1_134' title='bbox 597 2141 634 2201; x_wconf 91' lang='lat' dir='ltr'>ut</span> <span class='ocrx_word' id='word_1_135' title='bbox 661 2138 743 2202; x_wconf 86' lang='lat' dir='ltr'>scias</span> <span class='ocrx_word' id='word_1_136' title='bbox 771 2159 838 2201; x_wconf 95' lang='lat' dir='ltr'>non</span> <span class='ocrx_word' id='word_1_137' title='bbox 865 2158 960 2221; x_wconf 91' lang='lat' dir='ltr'>posse</span> <span class='ocrx_word' id='word_1_138' title='bbox 983 2134 1122 2201; x_wconf 83' lang='lat' dir='ltr'>Atilium</span> 
     </span>
     <span class='ocr_line' id='line_1_21' title="bbox 63 2224 1167 2309; baseline -0.001 -17"><span class='ocrx_word' id='word_1_139' title='bbox 63 2245 80 2292; x_wconf 83' lang='lat'>4</span> <span class='ocrx_word' id='word_1_140' title='bbox 99 2249 151 2290; x_wconf 92' lang='lat' dir='ltr'>me</span> <span class='ocrx_word' id='word_1_141' title='bbox 174 2226 330 2291; x_wconf 88' lang='lat' dir='ltr'>incolumi</span> <span class='ocrx_word' id='word_1_142' title='bbox 352 2226 503 2290; x_wconf 89' lang='lat' dir='ltr'>iniuriam</span> <span class='ocrx_word' id='word_1_143' title='bbox 527 2227 678 2309; x_wconf 90' lang='lat' dir='ltr'>accipere.</span> <span class='ocrx_word' id='word_1_144' title='bbox 725 2224 847 2291; x_wconf 89' lang='lat' dir='ltr'>Iterum</span> <span class='ocrx_word' id='word_1_145' title='bbox 871 2227 970 2291; x_wconf 89' lang='lat' dir='ltr'>dices:</span> <span class='ocrx_word' id='word_1_146' title='bbox 1004 2224 1122 2302; x_wconf 74' lang='lat' dir='ltr'>‘Quor-</span> <span class='ocrx_word' id='word_1_147' title='bbox 1140 2251 1167 2291; x_wconf 82' lang='lat' dir='ltr'>ao</span> 
     </span>
     <span class='ocr_line' id='line_1_22' title="bbox 99 2314 1121 2399; baseline 0.001 -21"><span class='ocrx_word' id='word_1_148' title='bbox 99 2337 154 2378; x_wconf 92' lang='lat' dir='ltr'>sus</span> <span class='ocrx_word' id='word_1_149' title='bbox 168 2315 286 2379; x_wconf 69' lang='lat' dir='ltr'>haeof&#39;</span> <span class='ocrx_word' id='word_1_150' title='bbox 324 2315 444 2380; x_wconf 90' lang='lat' dir='ltr'>Debuit</span> <span class='ocrx_word' id='word_1_151' title='bbox 462 2316 490 2379; x_wconf 93' lang='lat' dir='ltr'>ei</span> <span class='ocrx_word' id='word_1_152' title='bbox 509 2316 679 2399; x_wconf 91' lang='lat' dir='ltr'>pecuniam</span> <span class='ocrx_word' id='word_1_153' title='bbox 694 2314 844 2380; x_wconf 89' lang='lat' dir='ltr'>Valerius</span> <span class='ocrx_word' id='word_1_154' title='bbox 858 2315 972 2381; x_wconf 89' lang='lat' dir='ltr'>Varus.</span> <span class='ocrx_word' id='word_1_155' title='bbox 1014 2315 1121 2380; x_wconf 93' lang='lat' dir='ltr'>Huius</span> 
     </span>
     <span class='ocr_line' id='line_1_23' title="bbox 100 2404 1122 2489; baseline 0.001 -22"><span class='ocrx_word' id='word_1_156' title='bbox 100 2407 149 2468; x_wconf 86' lang='lat' dir='ltr'>est</span> <span class='ocrx_word' id='word_1_157' title='bbox 180 2404 272 2468; x_wconf 91' lang='lat' dir='ltr'>heres</span> <span class='ocrx_word' id='word_1_158' title='bbox 305 2405 465 2469; x_wconf 85' lang='lat' dir='ltr'>Maximus</span> <span class='ocrx_word' id='word_1_159' title='bbox 495 2409 619 2488; x_wconf 85' lang='lat' dir='ltr'>noster,</span> <span class='ocrx_word' id='word_1_160' title='bbox 652 2426 747 2487; x_wconf 93' lang='lat' dir='ltr'>quem</span> <span class='ocrx_word' id='word_1_161' title='bbox 780 2409 812 2469; x_wconf 94' lang='grc'>61</span> <span class='ocrx_word' id='word_1_162' title='bbox 844 2407 913 2489; x_wconf 93' lang='lat' dir='ltr'>ipse</span> <span class='ocrx_word' id='word_1_163' title='bbox 946 2426 1033 2488; x_wconf 90' lang='lat' dir='ltr'>amo,</span> <span class='ocrx_word' id='word_1_164' title='bbox 1065 2404 1122 2470; x_wconf 92' lang='lat' dir='ltr'>sed</span> 
     </span>
     <span class='ocr_line' id='line_1_24' title="bbox 63 2493 1122 2580; baseline -0.001 -21"><span class='ocrx_word' id='word_1_165' title='bbox 63 2493 303 2559; x_wconf 74' lang='lat' dir='ltr'>sconiunctius</span> <span class='ocrx_word' id='word_1_166' title='bbox 335 2498 379 2557; x_wconf 89' lang='lat' dir='ltr'>tu.</span> <span class='ocrx_word' id='word_1_167' title='bbox 444 2494 538 2580; x_wconf 89' lang='lat' dir='ltr'>Rogo</span> <span class='ocrx_word' id='word_1_168' title='bbox 571 2515 662 2580; x_wconf 87' lang='lat' dir='ltr'>erg0,</span> <span class='ocrx_word' id='word_1_169' title='bbox 701 2495 795 2580; x_wconf 82' lang='lat' dir='ltr'>exigo</span> <span class='ocrx_word' id='word_1_170' title='bbox 829 2496 927 2560; x_wconf 90' lang='lat' dir='ltr'>etiam</span> <span class='ocrx_word' id='word_1_171' title='bbox 959 2517 1018 2578; x_wconf 93' lang='lat' dir='ltr'>pro</span> <span class='ocrx_word' id='word_1_172' title='bbox 1052 2495 1122 2558; x_wconf 89' lang='lat' dir='ltr'>iure</span> 
     </span>
     <span class='ocr_line' id='line_1_25' title="bbox 100 2582 1122 2666; baseline 0.002 -21"><span class='ocrx_word' id='word_1_173' title='bbox 100 2583 260 2646; x_wconf 84' lang='lat' dir='ltr'>amicitiae</span> <span class='ocrx_word' id='word_1_174' title='bbox 283 2603 387 2665; x_wconf 87' lang='lat' dir='ltr'>cures,</span> <span class='ocrx_word' id='word_1_175' title='bbox 411 2588 448 2647; x_wconf 89' lang='lat' dir='ltr'>ut</span> <span class='ocrx_word' id='word_1_176' title='bbox 462 2582 564 2649; x_wconf 87' lang='lat' dir='ltr'>Atilio</span> <span class='ocrx_word' id='word_1_177' title='bbox 583 2606 655 2648; x_wconf 92' lang='lat' dir='ltr'>meo</span> <span class='ocrx_word' id='word_1_178' title='bbox 674 2586 763 2649; x_wconf 81' lang='lat' dir='ltr'>salva</span> <span class='ocrx_word' id='word_1_179' title='bbox 781 2584 823 2649; x_wconf 91' lang='lat' dir='ltr'>sit</span> <span class='ocrx_word' id='word_1_180' title='bbox 841 2606 907 2648; x_wconf 89' lang='lat' dir='ltr'>non</span> <span class='ocrx_word' id='word_1_181' title='bbox 927 2605 995 2648; x_wconf 90' lang='lat' dir='ltr'>sors</span> <span class='ocrx_word' id='word_1_182' title='bbox 1014 2583 1122 2666; x_wconf 93' lang='lat' dir='ltr'>modo,</span> 
     </span>
     <span class='ocr_line' id='line_1_26' title="bbox 99 2671 1167 2756; baseline 0.003 -21"><span class='ocrx_word' id='word_1_183' title='bbox 99 2694 210 2736; x_wconf 87' lang='lat' dir='ltr'>verum</span> <span class='ocrx_word' id='word_1_184' title='bbox 230 2671 327 2734; x_wconf 88' lang='lat' dir='ltr'>etiam</span> <span class='ocrx_word' id='word_1_185' title='bbox 345 2693 443 2736; x_wconf 86' lang='lat' dir='ltr'>usura</span> <span class='ocrx_word' id='word_1_186' title='bbox 461 2674 603 2756; x_wconf 91' lang='lat' dir='ltr'>plurium</span> <span class='ocrx_word' id='word_1_187' title='bbox 622 2696 788 2738; x_wconf 88' lang='lat' dir='ltr'>annorum.</span> <span class='ocrx_word' id='word_1_188' title='bbox 829 2672 937 2737; x_wconf 90' lang='lat' dir='ltr'>Homo</span> <span class='ocrx_word' id='word_1_189' title='bbox 958 2677 1006 2738; x_wconf 91' lang='lat' dir='ltr'>est</span> <span class='ocrx_word' id='word_1_190' title='bbox 1025 2673 1123 2737; x_wconf 87' lang='lat' dir='ltr'>alieni</span> <span class='ocrx_word' id='word_1_191' title='bbox 1141 2696 1167 2738; x_wconf 82' lang='lat' dir='ltr'>rs</span> 
     </span>
     <span class='ocr_line' id='line_1_27' title="bbox 100 2761 1122 2846; baseline 0.001 -22"><span class='ocrx_word' id='word_1_192' title='bbox 100 2761 407 2842; x_wconf 80' lang='lat' dir='ltr'>abstinentissimus,</span> <span class='ocrx_word' id='word_1_193' title='bbox 439 2763 489 2825; x_wconf 94' lang='lat' dir='ltr'>sui</span> <span class='ocrx_word' id='word_1_194' title='bbox 512 2762 664 2846; x_wconf 90' lang='lat' dir='ltr'>diligens,</span> <span class='ocrx_word' id='word_1_195' title='bbox 693 2763 791 2826; x_wconf 90' lang='lat' dir='ltr'>nullis</span> <span class='ocrx_word' id='word_1_196' title='bbox 816 2762 1002 2845; x_wconf 88' lang='lat' dir='ltr'>quaestibus</span> <span class='ocrx_word' id='word_1_197' title='bbox 1027 2763 1122 2827; x_wconf 89' lang='lat' dir='ltr'>susti-</span> 
     </span>
     <span class='ocr_line' id='line_1_28' title="bbox 65 2850 1122 2937; baseline 0 -22"><span class='ocrx_word' id='word_1_198' title='bbox 65 2854 208 2932; x_wconf 86' lang='lat' dir='ltr'>onetur,</span> <span class='ocrx_word' id='word_1_199' title='bbox 239 2851 347 2914; x_wconf 91' lang='lat' dir='ltr'>nullus</span> <span class='ocrx_word' id='word_1_200' title='bbox 381 2850 429 2912; x_wconf 92' lang='grc'><strong>1111</strong></span> <span class='ocrx_word' id='word_1_201' title='bbox 460 2851 524 2915; x_wconf 92' lang='lat' dir='ltr'>nisi</span> <span class='ocrx_word' id='word_1_202' title='bbox 556 2875 596 2916; x_wconf 89' lang='lat' dir='ltr'>ex</span> <span class='ocrx_word' id='word_1_203' title='bbox 626 2852 814 2937; x_wconf 84' lang='lat' dir='ltr'>frugalitate</span> <span class='ocrx_word' id='word_1_204' title='bbox 846 2852 976 2916; x_wconf 89' lang='lat' dir='ltr'>reditus.</span> <span class='ocrx_word' id='word_1_205' title='bbox 1035 2850 1122 2916; x_wconf 89' lang='lat' dir='ltr'>Nam</span> 
     </span>
     <span class='ocr_line' id='line_1_29' title="bbox 100 2940 1123 3024; baseline 0.002 -21"><span class='ocrx_word' id='word_1_206' title='bbox 100 2940 219 3023; x_wconf 89' lang='lat' dir='ltr'>studia,</span> <span class='ocrx_word' id='word_1_207' title='bbox 243 2940 359 3022; x_wconf 91' lang='lat' dir='ltr'>quibus</span> <span class='ocrx_word' id='word_1_208' title='bbox 383 2940 559 3022; x_wconf 90' lang='lat' dir='ltr'>plurimum</span> <span class='ocrx_word' id='word_1_209' title='bbox 583 2945 738 3024; x_wconf 86' lang='lat' dir='ltr'>praestat,</span> <span class='ocrx_word' id='word_1_210' title='bbox 766 2941 805 3004; x_wconf 89' lang='lat' dir='ltr'>ad</span> <span class='ocrx_word' id='word_1_211' title='bbox 829 2942 1030 3024; x_wconf 87' lang='lat' dir='ltr'>voluptatem</span> <span class='ocrx_word' id='word_1_212' title='bbox 1053 2944 1123 3005; x_wconf 91' lang='lat' dir='ltr'>tan-</span> 
     </span>
     <span class='ocr_line' id='line_1_30' title="bbox 99 3029 1123 3114; baseline 0.002 -22"><span class='ocrx_word' id='word_1_213' title='bbox 99 3032 169 3092; x_wconf 88' lang='lat' dir='ltr'>tum</span> <span class='ocrx_word' id='word_1_214' title='bbox 202 3034 235 3092; x_wconf 86' lang='lat' dir='ltr'>et</span> <span class='ocrx_word' id='word_1_215' title='bbox 267 3029 403 3114; x_wconf 86' lang='lat' dir='ltr'>gloriam</span> <span class='ocrx_word' id='word_1_216' title='bbox 436 3034 569 3094; x_wconf 85' lang='lat' dir='ltr'>exercet.</span> <span class='ocrx_word' id='word_1_217' title='bbox 617 3030 729 3095; x_wconf 80' lang='lat' dir='ltr'>Gravis</span> <span class='ocrx_word' id='word_1_218' title='bbox 762 3035 810 3093; x_wconf 90' lang='lat' dir='ltr'>est</span> <span class='ocrx_word' id='word_1_219' title='bbox 843 3030 873 3094; x_wconf 91' lang='grc'>61</span> <span class='ocrx_word' id='word_1_220' title='bbox 904 3031 957 3094; x_wconf 84' lang='lat' dir='ltr'>vel</span> <span class='ocrx_word' id='word_1_221' title='bbox 988 3029 1123 3094; x_wconf 90' lang='lat' dir='ltr'>minima</span> 
     </span>
     <span class='ocr_line' id='line_1_31' title="bbox 100 3118 1169 3206; baseline 0.003 -26"><span class='ocrx_word' id='word_1_222' title='bbox 100 3118 235 3201; x_wconf 87' lang='lat' dir='ltr'>iactura,</span> <span class='ocrx_word' id='word_1_223' title='bbox 277 3119 352 3201; x_wconf 89' lang='lat' dir='ltr'>quia</span> <span class='ocrx_word' id='word_1_224' title='bbox 383 3141 544 3202; x_wconf 88' lang='lat' dir='ltr'>reparare,</span> <span class='ocrx_word' id='word_1_225' title='bbox 583 3119 670 3202; x_wconf 93' lang='lat' dir='ltr'>quod</span> <span class='ocrx_word' id='word_1_226' title='bbox 702 3119 859 3202; x_wconf 87' lang='lat' dir='ltr'>amiserit,</span> <span class='ocrx_word' id='word_1_227' title='bbox 901 3121 1031 3206; x_wconf 82' lang='lat' dir='ltr'>gravius</span> <span class='ocrx_word' id='word_1_228' title='bbox 1064 3123 1121 3183; x_wconf 89' lang='lat' dir='ltr'>est.</span> <span class='ocrx_word' id='word_1_229' title='bbox 1142 3143 1169 3183; x_wconf 86' lang='lat' dir='ltr'>ao</span> 
     </span>
     <span class='ocr_line' id='line_1_32' title="bbox 66 3206 1122 3293; baseline 0.001 -22"><span class='ocrx_word' id='word_1_230' title='bbox 66 3206 216 3271; x_wconf 73' lang='grc'><strong>7111111116</strong></span> <span class='ocrx_word' id='word_1_231' title='bbox 246 3207 333 3272; x_wconf 92' lang='lat' dir='ltr'>hunc</span> <span class='ocrx_word' id='word_1_232' title='bbox 363 3208 424 3291; x_wconf 91' lang='lat' dir='ltr'>illi,</span> <span class='ocrx_word' id='word_1_233' title='bbox 456 3207 558 3272; x_wconf 85' lang='lat' dir='ltr'>exime</span> <span class='ocrx_word' id='word_1_234' title='bbox 590 3210 677 3272; x_wconf 93' lang='lat' dir='ltr'>hunc</span> <span class='ocrx_word' id='word_1_235' title='bbox 707 3208 787 3272; x_wconf 90' lang='lat' dir='ltr'>mihi</span> <span class='ocrx_word' id='word_1_236' title='bbox 820 3210 1020 3293; x_wconf 90' lang='lat' dir='ltr'>scrupulum:</span> <span class='ocrx_word' id='word_1_237' title='bbox 1053 3209 1122 3273; x_wconf 90' lang='lat' dir='ltr'>sine</span> 
     </span>
    </p>
   </div>
   <div class='ocr_carea' id='block_1_5' title="bbox 100 3384 1125 3524">
    <p class='ocr_par' dir='ltr' id='par_1_5' title="bbox 100 3384 1125 3524">
     <span class='ocr_line' id='line_1_33' title="bbox 173 3384 1122 3453; baseline 0.003 -16"><span class='ocrx_word' id='word_1_238' title='bbox 173 3390 187 3437; x_wconf 89' lang='lat'><strong>9</strong></span> <span class='ocrx_word' id='word_1_239' title='bbox 204 3384 400 3438; x_wconf 88' lang='lat' dir='ltr'>ardentissime</span> <span class='ocrx_word' id='word_1_240' title='bbox 417 3384 532 3438; x_wconf 79' lang='lat' dir='ltr'>Cortice.</span> <span class='ocrx_word' id='word_1_241' title='bbox 589 3389 622 3437; x_wconf 87' lang='lat'>18</span> <span class='ocrx_word' id='word_1_242' title='bbox 642 3385 724 3438; x_wconf 86' lang='lat' dir='ltr'>Hom.</span> <span class='ocrx_word' id='word_1_243' title='bbox 739 3385 767 3438; x_wconf 82' lang='lat' dir='ltr'><strong><em>A</em></strong></span> <span class='ocrx_word' id='word_1_244' title='bbox 780 3389 824 3440; x_wconf 83' lang='grc'>88.</span> <span class='ocrx_word' id='word_1_245' title='bbox 885 3389 919 3438; x_wconf 88' lang='grc'>30</span> <span class='ocrx_word' id='word_1_246' title='bbox 934 3386 1002 3453; x_wconf 90' lang='lat' dir='ltr'>quia</span> <span class='ocrx_word' id='word_1_247' title='bbox 1015 3386 1122 3453; x_wconf 78' lang='lat' dir='ltr'>Dpra,</span> 
     </span>
     <span class='ocr_line' id='line_1_34' title="bbox 100 3456 1125 3524; baseline -0.001 -14"><span class='ocrx_word' id='word_1_248' title='bbox 100 3473 186 3524; x_wconf 91' lang='lat' dir='ltr'>quam</span> <span class='ocrx_word' id='word_1_249' title='bbox 212 3457 260 3521; x_wconf 89' lang='lat' dir='ltr'>M,</span> <span class='ocrx_word' id='word_1_250' title='bbox 289 3457 423 3524; x_wconf 88' lang='lat' dir='ltr'>quoniam</span> <span class='ocrx_word' id='word_1_251' title='bbox 448 3456 623 3522; x_wconf 82' lang='lat' dir='ltr'>Leitbc’iuscr,</span> <span class='ocrx_word' id='word_1_252' title='bbox 651 3456 719 3510; x_wconf 81' lang='lat' dir='ltr'>delet</span> <span class='ocrx_word' id='word_1_253' title='bbox 745 3458 907 3511; x_wconf 77' lang='lat' dir='ltr'>Mommsen.</span> <span class='ocrx_word' id='word_1_254' title='bbox 933 3488 967 3496; x_wconf 91' lang='lat'>-</span> <span class='ocrx_word' id='word_1_255' title='bbox 996 3456 1125 3510; x_wconf 87' lang='lat' dir='ltr'>amiserit</span> 
     </span>
    </p>
   </div>
   <div class='ocr_carea' id='block_1_6' title="bbox 69 3527 1128 3659">
    <p class='ocr_par' dir='ltr' id='par_1_6' title="bbox 69 3527 1128 3659">
     <span class='ocr_line' id='line_1_35' title="bbox 69 3527 1128 3659; baseline 0.005 -82"><span class='ocrx_word' id='word_1_256' title='bbox 69 3531 182 3659; x_wconf 52' lang='lat' dir='ltr'>1?qu</span> <span class='ocrx_word' id='word_1_257' title='bbox 204 3528 337 3580; x_wconf 84' lang='lat' dir='ltr'>amiseris</span> <span class='ocrx_word' id='word_1_258' title='bbox 349 3530 419 3583; x_wconf 77' lang='lat' dir='ltr'>Mc,</span> <span class='ocrx_word' id='word_1_259' title='bbox 437 3559 471 3567; x_wconf 91' lang='lat'>-</span> <span class='ocrx_word' id='word_1_260' title='bbox 488 3544 543 3596; x_wconf 91' lang='lat' dir='ltr'>quo</span> <span class='ocrx_word' id='word_1_261' title='bbox 558 3543 698 3597; x_wconf 81' lang='lat' dir='ltr'>reparare,</span> <span class='ocrx_word' id='word_1_262' title='bbox 717 3528 793 3595; x_wconf 89' lang='lat' dir='ltr'>quod</span> <span class='ocrx_word' id='word_1_263' title='bbox 808 3527 935 3615; x_wconf 68' lang='lat' dir='ltr'>amiperit</span> <span class='ocrx_word' id='word_1_264' title='bbox 949 3529 987 3582; x_wconf 87' lang='lat' dir='ltr'>K.</span> <span class='ocrx_word' id='word_1_265' title='bbox 1002 3529 1072 3595; x_wconf 78' lang='lat' dir='ltr'>da&#39;sp.</span> <span class='ocrx_word' id='word_1_266' title='bbox 1088 3529 1128 3582; x_wconf 93' lang='grc' dir='ltr'><strong>Π</strong></span> 
     </span>
    </p>
   </div>
   <div class='ocr_carea' id='block_1_7' title="bbox 0 0 1207 3862">
    <p class='ocr_par' dir='ltr' id='par_1_7' title="bbox 0 0 1207 3862">
     <span class='ocr_line' id='line_1_36' title="bbox 0 0 1207 3862; baseline 0 0"><span class='ocrx_word' id='word_1_267' title='bbox 0 0 1207 3862; x_wconf 95' lang='lat' dir='ltr'> </span> 
     </span>
    </p>
   </div>
  </div>
 </body>
</html>
