<?xml version="1.0" encoding="UTF-8"?>
<!DOCTYPE html PUBLIC "-//W3C//DTD XHTML 1.0 Transitional//EN"
    "http://www.w3.org/TR/xhtml1/DTD/xhtml1-transitional.dtd">
<html xmlns="http://www.w3.org/1999/xhtml" xml:lang="en" lang="en">
 <head>
  <title>
</title>
<meta http-equiv="Content-Type" content="text/html;charset=utf-8" />
  <meta name='ocr-system' content='tesseract 3.04.00' />
  <meta name='ocr-capabilities' content='ocr_page ocr_carea ocr_par ocr_line ocrx_word'/>
</head>
<body>
  <div class='ocr_page' id='page_1' title='image "./cplinicaecilise00kukugoog_0203.png"; bbox 0 0 2400 3862; ppageno 0'>
   <div class='ocr_carea' id='block_1_1' title="bbox 115 176 694 246">
    <p class='ocr_par' dir='ltr' id='par_1_1' title="bbox 115 176 694 246">
     <span class='ocr_line' id='line_1_1' title="bbox 115 176 694 246; baseline -0.002 -16"><span class='ocrx_word' id='word_1_1' title='bbox 115 182 177 246; x_wconf 84' lang='lat'><strong>186</strong></span> <span class='ocrx_word' id='word_1_2' title='bbox 547 176 575 231; x_wconf 85' lang='lat' dir='ltr'><strong>c.</strong></span> <span class='ocrx_word' id='word_1_3' title='bbox 596 176 694 230; x_wconf 71' lang='lat' dir='ltr'><strong>amru</strong></span> 
     </span>
    </p>
   </div>
   <div class='ocr_carea' id='block_1_2' title="bbox 75 338 1135 961">
    <p class='ocr_par' dir='ltr' id='par_1_2' title="bbox 75 338 1135 961">
     <span class='ocr_line' id='line_1_2' title="bbox 112 338 1134 426; baseline 0 -22"><span class='ocrx_word' id='word_1_4' title='bbox 112 339 267 405; x_wconf 77' lang='lat' dir='ltr'>Corelliae</span> <span class='ocrx_word' id='word_1_5' title='bbox 285 340 450 405; x_wconf 85' lang='lat' dir='ltr'><strong>addixerit.</strong></span> <span class='ocrx_word' id='word_1_6' title='bbox 487 338 599 405; x_wconf 82' lang='lat' dir='ltr'><strong>Adicis</strong></span> <span class='ocrx_word' id='word_1_7' title='bbox 617 340 677 405; x_wconf 94' lang='lat' dir='ltr'><strong>hos</strong></span> <span class='ocrx_word' id='word_1_8' title='bbox 696 341 868 426; x_wconf 78' lang='lat' dir='ltr'>nongentis</span> <span class='ocrx_word' id='word_1_9' title='bbox 888 340 1018 405; x_wconf 90' lang='lat' dir='ltr'><strong>milibus</strong></span> <span class='ocrx_word' id='word_1_10' title='bbox 1037 361 1134 424; x_wconf 91' lang='lat' dir='ltr'><strong>posse</strong></span> 
     </span>
     <span class='ocr_line' id='line_1_3' title="bbox 111 429 1134 516; baseline 0 -23"><span class='ocrx_word' id='word_1_11' title='bbox 111 431 219 494; x_wconf 82' lang='lat' dir='ltr'><strong>venire</strong></span> <span class='ocrx_word' id='word_1_12' title='bbox 243 452 288 495; x_wconf 83' lang='lat' dir='ltr'><strong>ac</strong></span> <span class='ocrx_word' id='word_1_13' title='bbox 302 433 393 494; x_wconf 88' lang='lat' dir='ltr'><strong>tanto</strong></span> <span class='ocrx_word' id='word_1_14' title='bbox 417 429 520 515; x_wconf 88' lang='lat' dir='ltr'><strong>magis</strong></span> <span class='ocrx_word' id='word_1_15' title='bbox 540 429 679 514; x_wconf 84' lang='lat' dir='ltr'><strong>quaeris,</strong></span> <span class='ocrx_word' id='word_1_16' title='bbox 702 452 760 512; x_wconf 86' lang='lat' dir='ltr'><strong>an,</strong></span> <span class='ocrx_word' id='word_1_17' title='bbox 783 429 871 514; x_wconf 90' lang='lat' dir='ltr'><strong>quod</strong></span> <span class='ocrx_word' id='word_1_18' title='bbox 889 430 1003 516; x_wconf 79' lang='lat' dir='ltr'>gessit,</span> <span class='ocrx_word' id='word_1_19' title='bbox 1025 433 1134 494; x_wconf 88' lang='lat' dir='ltr'><strong>ratum</strong></span> 
     </span>
     <span class='ocr_line' id='line_1_4' title="bbox 75 518 1134 604; baseline 0 -22"><span class='ocrx_word' id='word_1_20' title='bbox 75 535 242 583; x_wconf 78' lang='lat' dir='ltr'><strong>aservem.</strong></span> <span class='ocrx_word' id='word_1_21' title='bbox 288 519 360 604; x_wconf 81' lang='lat' dir='ltr'><strong>Ego</strong></span> <span class='ocrx_word' id='word_1_22' title='bbox 393 540 469 583; x_wconf 89' lang='lat' dir='ltr'><strong>vero</strong></span> <span class='ocrx_word' id='word_1_23' title='bbox 488 540 606 600; x_wconf 81' lang='lat' dir='ltr'><strong>servo:</strong></span> <span class='ocrx_word' id='word_1_24' title='bbox 643 519 760 603; x_wconf 90' lang='lat' dir='ltr'><strong>quibus</strong></span> <span class='ocrx_word' id='word_1_25' title='bbox 792 541 832 583; x_wconf 88' lang='lat' dir='ltr'><strong>ex</strong></span> <span class='ocrx_word' id='word_1_26' title='bbox 865 519 982 602; x_wconf 89' lang='lat' dir='ltr'><strong>causis,</strong></span> <span class='ocrx_word' id='word_1_27' title='bbox 1014 518 1134 602; x_wconf 78' lang='lat' dir='ltr'><strong>accipe.</strong></span> 
     </span>
     <span class='ocr_line' id='line_1_5' title="bbox 113 607 1135 693; baseline 0 -21"><span class='ocrx_word' id='word_1_28' title='bbox 113 607 215 693; x_wconf 76' lang='lat' dir='ltr'><strong>Cupio</strong></span> <span class='ocrx_word' id='word_1_29' title='bbox 240 608 325 672; x_wconf 91' lang='lat' dir='ltr'><strong>enim</strong></span> <span class='ocrx_word' id='word_1_30' title='bbox 349 611 381 671; x_wconf 91' lang='lat' dir='ltr'><strong>et</strong></span> <span class='ocrx_word' id='word_1_31' title='bbox 403 608 464 673; x_wconf 91' lang='lat' dir='ltr'><strong>tibi</strong></span> <span class='ocrx_word' id='word_1_32' title='bbox 491 608 663 692; x_wconf 86' lang='lat' dir='ltr'><strong>probatum</strong></span> <span class='ocrx_word' id='word_1_33' title='bbox 687 612 719 672; x_wconf 91' lang='lat' dir='ltr'><strong>et</strong></span> <span class='ocrx_word' id='word_1_34' title='bbox 742 609 952 673; x_wconf 75' lang='lat' dir='ltr'><strong>coheredibus</strong></span> <span class='ocrx_word' id='word_1_35' title='bbox 976 609 1055 673; x_wconf 90' lang='lat' dir='ltr'><strong>meis</strong></span> <span class='ocrx_word' id='word_1_36' title='bbox 1080 630 1135 672; x_wconf 89' lang='lat' dir='ltr'><strong>ex-</strong></span> 
     </span>
     <span class='ocr_line' id='line_1_6' title="bbox 111 696 1134 780; baseline 0.001 -19"><span class='ocrx_word' id='word_1_37' title='bbox 111 701 257 762; x_wconf 87' lang='lat' dir='ltr'><strong>cusatum</strong></span> <span class='ocrx_word' id='word_1_38' title='bbox 281 718 364 779; x_wconf 89' lang='lat' dir='ltr'><strong>esse,</strong></span> <span class='ocrx_word' id='word_1_39' title='bbox 388 697 474 780; x_wconf 92' lang='lat' dir='ltr'><strong>quod</strong></span> <span class='ocrx_word' id='word_1_40' title='bbox 497 719 548 761; x_wconf 93' lang='lat' dir='ltr'><strong>me</strong></span> <span class='ocrx_word' id='word_1_41' title='bbox 572 697 611 761; x_wconf 92' lang='lat' dir='ltr'><strong>ab</strong></span> <span class='ocrx_word' id='word_1_42' title='bbox 635 697 700 763; x_wconf 92' lang='lat' dir='ltr'><strong>illis</strong></span> <span class='ocrx_word' id='word_1_43' title='bbox 724 698 845 762; x_wconf 86' lang='lat' dir='ltr'><strong>maiore</strong></span> <span class='ocrx_word' id='word_1_44' title='bbox 868 697 977 762; x_wconf 85' lang='lat' dir='ltr'><strong>officio</strong></span> <span class='ocrx_word' id='word_1_45' title='bbox 1001 696 1134 762; x_wconf 88' lang='lat' dir='ltr'><strong>iubente</strong></span> 
     </span>
     <span class='ocr_line' id='line_1_7' title="bbox 112 806 590 852; baseline -0.002 -2"><span class='ocrx_word' id='word_1_46' title='bbox 112 806 251 852; x_wconf 90' lang='lat' dir='ltr'><strong>secerno.</strong></span> <span class='ocrx_word' id='word_1_47' title='bbox 588 832 590 837; x_wconf 82' lang='lat'><em>-</em></span> 
     </span>
     <span class='ocr_line' id='line_1_8' title="bbox 75 873 1135 961; baseline 0.001 -23"><span class='ocrx_word' id='word_1_48' title='bbox 75 893 90 938; x_wconf 84' lang='lat'><strong>3</strong></span> <span class='ocrx_word' id='word_1_49' title='bbox 178 873 349 940; x_wconf 77' lang='lat' dir='ltr'><strong>Corelliam</strong></span> <span class='ocrx_word' id='word_1_50' title='bbox 373 896 447 940; x_wconf 89' lang='lat' dir='ltr'><strong>cum</strong></span> <span class='ocrx_word' id='word_1_51' title='bbox 471 897 596 941; x_wconf 90' lang='lat' dir='ltr'><strong>summa</strong></span> <span class='ocrx_word' id='word_1_52' title='bbox 617 875 796 940; x_wconf 88' lang='lat' dir='ltr'><strong>reverentia</strong></span> <span class='ocrx_word' id='word_1_53' title='bbox 815 875 915 961; x_wconf 83' lang='lat' dir='ltr'><strong>diligo</strong></span> <span class='ocrx_word' id='word_1_54' title='bbox 934 876 1076 960; x_wconf 90' lang='lat' dir='ltr'><strong>primum</strong></span> <span class='ocrx_word' id='word_1_55' title='bbox 1095 880 1135 939; x_wconf 89' lang='lat' dir='ltr'><strong>ut</strong></span> 
     </span>
    </p>
   </div>
   <div class='ocr_carea' id='block_1_3' title="bbox 73 962 1178 2654">
    <p class='ocr_par' dir='ltr' id='par_1_3' title="bbox 111 962 1135 1047">
     <span class='ocr_line' id='line_1_9' title="bbox 111 962 1135 1047; baseline 0.002 -20"><span class='ocrx_word' id='word_1_56' title='bbox 111 985 253 1028; x_wconf 92' lang='lat' dir='ltr'><strong>sororem</strong></span> <span class='ocrx_word' id='word_1_57' title='bbox 278 962 396 1029; x_wconf 82' lang='lat' dir='ltr'><strong>Corelli</strong></span> <span class='ocrx_word' id='word_1_58' title='bbox 420 963 510 1047; x_wconf 88' lang='lat' dir='ltr'><strong>Rufi,</strong></span> <span class='ocrx_word' id='word_1_59' title='bbox 533 964 624 1029; x_wconf 85' lang='lat' dir='ltr'><strong>cuius</strong></span> <span class='ocrx_word' id='word_1_60' title='bbox 647 965 729 1028; x_wconf 90' lang='lat' dir='ltr'><strong>mihi</strong></span> <span class='ocrx_word' id='word_1_61' title='bbox 751 965 906 1030; x_wconf 87' lang='lat' dir='ltr'><strong>memoria</strong></span> <span class='ocrx_word' id='word_1_62' title='bbox 929 968 1135 1029; x_wconf 84' lang='lat' dir='ltr'><strong>sacrosancta</strong></span> 
     </span>
    </p>

    <p class='ocr_par' dir='ltr' id='par_1_4' title="bbox 74 1052 1177 1316">
     <span class='ocr_line' id='line_1_10' title="bbox 74 1052 1133 1136; baseline 0.002 -20"><span class='ocrx_word' id='word_1_63' title='bbox 74 1069 91 1116; x_wconf 84' lang='lat'>4</span> <span class='ocrx_word' id='word_1_64' title='bbox 111 1057 172 1136; x_wconf 89' lang='lat' dir='ltr'><strong>est,</strong></span> <span class='ocrx_word' id='word_1_65' title='bbox 196 1052 310 1118; x_wconf 90' lang='lat' dir='ltr'><strong>deinde</strong></span> <span class='ocrx_word' id='word_1_66' title='bbox 333 1058 370 1118; x_wconf 91' lang='lat' dir='ltr'><strong>ut</strong></span> <span class='ocrx_word' id='word_1_67' title='bbox 388 1053 484 1118; x_wconf 89' lang='lat' dir='ltr'><strong>matri</strong></span> <span class='ocrx_word' id='word_1_68' title='bbox 503 1075 592 1118; x_wconf 88' lang='lat' dir='ltr'><strong>meae</strong></span> <span class='ocrx_word' id='word_1_69' title='bbox 611 1054 903 1118; x_wconf 79' lang='lat' dir='ltr'><strong>familiarissimam.</strong></span> <span class='ocrx_word' id='word_1_70' title='bbox 950 1052 1034 1118; x_wconf 82' lang='lat' dir='ltr'><strong>Sunt</strong></span> <span class='ocrx_word' id='word_1_71' title='bbox 1052 1053 1133 1118; x_wconf 94' lang='lat' dir='ltr'><strong>mihi</strong></span> 
     </span>
     <span class='ocr_line' id='line_1_11' title="bbox 110 1141 1177 1228; baseline -0.002 -23"><span class='ocrx_word' id='word_1_72' title='bbox 110 1145 143 1205; x_wconf 91' lang='lat' dir='ltr'><strong>et</strong></span> <span class='ocrx_word' id='word_1_73' title='bbox 179 1163 253 1207; x_wconf 88' lang='lat' dir='ltr'><strong>cum</strong></span> <span class='ocrx_word' id='word_1_74' title='bbox 291 1143 406 1207; x_wconf 89' lang='lat' dir='ltr'><strong>marito</strong></span> <span class='ocrx_word' id='word_1_75' title='bbox 444 1143 527 1226; x_wconf 90' lang='lat' dir='ltr'><strong>eius,</strong></span> <span class='ocrx_word' id='word_1_76' title='bbox 568 1142 700 1208; x_wconf 87' lang='lat' dir='ltr'><strong>Minicio</strong></span> <span class='ocrx_word' id='word_1_77' title='bbox 743 1141 848 1227; x_wconf 88' lang='lat' dir='ltr'><strong>Iusto,</strong></span> <span class='ocrx_word' id='word_1_78' title='bbox 890 1144 1013 1228; x_wconf 91' lang='lat' dir='ltr'><strong>optimo</strong></span> <span class='ocrx_word' id='word_1_79' title='bbox 1050 1143 1177 1226; x_wconf 85' lang='lat' dir='ltr'><strong>viro,1o</strong></span> 
     </span>
     <span class='ocr_line' id='line_1_12' title="bbox 110 1231 1134 1316; baseline 0.001 -21"><span class='ocrx_word' id='word_1_80' title='bbox 110 1235 218 1296; x_wconf 83' lang='lat' dir='ltr'><strong>vetera</strong></span> <span class='ocrx_word' id='word_1_81' title='bbox 240 1233 326 1316; x_wconf 81' lang='lat' dir='ltr'><strong>iura3</strong></span> <span class='ocrx_word' id='word_1_82' title='bbox 358 1232 490 1296; x_wconf 85' lang='lat' dir='ltr'><strong>suerunt</strong></span> <span class='ocrx_word' id='word_1_83' title='bbox 518 1235 550 1296; x_wconf 89' lang='lat' dir='ltr'><strong>et</strong></span> <span class='ocrx_word' id='word_1_84' title='bbox 578 1253 651 1297; x_wconf 90' lang='lat' dir='ltr'><strong>cum</strong></span> <span class='ocrx_word' id='word_1_85' title='bbox 680 1232 748 1296; x_wconf 90' lang='lat' dir='ltr'><strong>filio</strong></span> <span class='ocrx_word' id='word_1_86' title='bbox 773 1234 927 1316; x_wconf 87' lang='lat' dir='ltr'><strong>maxima,</strong></span> <span class='ocrx_word' id='word_1_87' title='bbox 959 1231 1038 1296; x_wconf 91' lang='lat' dir='ltr'><strong>adeo</strong></span> <span class='ocrx_word' id='word_1_88' title='bbox 1064 1234 1134 1315; x_wconf 92' lang='lat' dir='ltr'><strong>qui-</strong></span> 
     </span>
    </p>

    <p class='ocr_par' dir='ltr' id='par_1_5' title="bbox 74 1321 1177 1762">
     <span class='ocr_line' id='line_1_13' title="bbox 74 1321 1134 1405; baseline 0 -20"><span class='ocrx_word' id='word_1_89' title='bbox 74 1337 90 1384; x_wconf 82' lang='lat' dir='ltr'><strong>o</strong></span> <span class='ocrx_word' id='word_1_90' title='bbox 110 1321 195 1405; x_wconf 90' lang='lat' dir='ltr'><strong>dem,</strong></span> <span class='ocrx_word' id='word_1_91' title='bbox 219 1325 257 1385; x_wconf 90' lang='lat' dir='ltr'><strong>ut</strong></span> <span class='ocrx_word' id='word_1_92' title='bbox 270 1325 416 1405; x_wconf 87' lang='lat' dir='ltr'><strong>praetore</strong></span> <span class='ocrx_word' id='word_1_93' title='bbox 430 1343 481 1385; x_wconf 93' lang='lat' dir='ltr'><strong>me</strong></span> <span class='ocrx_word' id='word_1_94' title='bbox 495 1321 581 1386; x_wconf 91' lang='lat' dir='ltr'><strong>ludis</strong></span> <span class='ocrx_word' id='word_1_95' title='bbox 595 1322 675 1387; x_wconf 93' lang='lat' dir='ltr'><strong>meis</strong></span> <span class='ocrx_word' id='word_1_96' title='bbox 690 1321 893 1405; x_wconf 89' lang='lat' dir='ltr'><strong>praesederit.</strong></span> <span class='ocrx_word' id='word_1_97' title='bbox 931 1321 1035 1404; x_wconf 86' lang='lat' dir='ltr'><strong>Haec,</strong></span> <span class='ocrx_word' id='word_1_98' title='bbox 1058 1343 1134 1386; x_wconf 90' lang='lat' dir='ltr'><strong>curn</strong></span> 
     </span>
     <span class='ocr_line' id='line_1_14' title="bbox 110 1409 1134 1495; baseline 0.001 -21"><span class='ocrx_word' id='word_1_99' title='bbox 110 1411 256 1494; x_wconf 86' lang='lat' dir='ltr'><strong>proxime</strong></span> <span class='ocrx_word' id='word_1_100' title='bbox 271 1411 345 1474; x_wconf 90' lang='lat' dir='ltr'><strong>istic</strong></span> <span class='ocrx_word' id='word_1_101' title='bbox 359 1409 428 1493; x_wconf 85' lang='lat' dir='ltr'><strong>fui,</strong></span> <span class='ocrx_word' id='word_1_102' title='bbox 443 1411 599 1475; x_wconf 86' lang='lat' dir='ltr'><strong>indicavit</strong></span> <span class='ocrx_word' id='word_1_103' title='bbox 617 1410 697 1475; x_wconf 89' lang='lat' dir='ltr'><strong>mihi</strong></span> <span class='ocrx_word' id='word_1_104' title='bbox 716 1432 832 1495; x_wconf 88' lang='lat' dir='ltr'><strong>cupere</strong></span> <span class='ocrx_word' id='word_1_105' title='bbox 852 1434 885 1475; x_wconf 91' lang='lat' dir='ltr'><strong>se</strong></span> <span class='ocrx_word' id='word_1_106' title='bbox 904 1410 1027 1495; x_wconf 87' lang='lat' dir='ltr'><strong>aliquid</strong></span> <span class='ocrx_word' id='word_1_107' title='bbox 1047 1411 1134 1476; x_wconf 89' lang='lat' dir='ltr'><strong>circa</strong></span> 
     </span>
     <span class='ocr_line' id='line_1_15' title="bbox 110 1499 1134 1586; baseline 0.003 -24"><span class='ocrx_word' id='word_1_108' title='bbox 110 1499 241 1563; x_wconf 89' lang='lat' dir='ltr'><strong>Larium</strong></span> <span class='ocrx_word' id='word_1_109' title='bbox 264 1503 411 1564; x_wconf 88' lang='lat' dir='ltr'><strong>nostrum</strong></span> <span class='ocrx_word' id='word_1_110' title='bbox 434 1500 605 1582; x_wconf 80' lang='lat' dir='ltr'><strong>possidere.</strong></span> <span class='ocrx_word' id='word_1_111' title='bbox 652 1500 723 1586; x_wconf 80' lang='lat' dir='ltr'><strong>Ego</strong></span> <span class='ocrx_word' id='word_1_112' title='bbox 748 1500 797 1564; x_wconf 93' lang='lat' dir='ltr'><strong>illi</strong></span> <span class='ocrx_word' id='word_1_113' title='bbox 820 1523 860 1565; x_wconf 89' lang='lat' dir='ltr'><strong>ex</strong></span> <span class='ocrx_word' id='word_1_114' title='bbox 879 1500 1018 1584; x_wconf 89' lang='lat' dir='ltr'><strong>praediis</strong></span> <span class='ocrx_word' id='word_1_115' title='bbox 1043 1501 1134 1583; x_wconf 89' lang='lat' dir='ltr'><strong>meis,</strong></span> 
     </span>
     <span class='ocr_line' id='line_1_16' title="bbox 110 1588 1177 1674; baseline -0.003 -22"><span class='ocrx_word' id='word_1_116' title='bbox 110 1589 196 1671; x_wconf 91' lang='lat' dir='ltr'><strong>quod</strong></span> <span class='ocrx_word' id='word_1_117' title='bbox 223 1589 322 1652; x_wconf 88' lang='lat' dir='ltr'><strong>vellet</strong></span> <span class='ocrx_word' id='word_1_118' title='bbox 348 1592 380 1653; x_wconf 90' lang='lat' dir='ltr'><strong>et</strong></span> <span class='ocrx_word' id='word_1_119' title='bbox 407 1589 520 1673; x_wconf 90' lang='lat' dir='ltr'><strong>quanti</strong></span> <span class='ocrx_word' id='word_1_120' title='bbox 542 1589 652 1672; x_wconf 77' lang='lat' dir='ltr'><strong>vellet,</strong></span> <span class='ocrx_word' id='word_1_121' title='bbox 686 1588 790 1654; x_wconf 90' lang='lat' dir='ltr'><strong>obtuli</strong></span> <span class='ocrx_word' id='word_1_122' title='bbox 812 1590 954 1674; x_wconf 88' lang='lat' dir='ltr'><strong>exceptis</strong></span> <span class='ocrx_word' id='word_1_123' title='bbox 978 1589 1133 1654; x_wconf 81' lang='lat' dir='ltr'><strong>maternis</strong></span> <span class='ocrx_word' id='word_1_124' title='bbox 1154 1608 1177 1649; x_wconf 82' lang='lat' dir='ltr'><strong>u</strong></span> 
     </span>
     <span class='ocr_line' id='line_1_17' title="bbox 109 1676 1134 1762; baseline 0.004 -22"><span class='ocrx_word' id='word_1_125' title='bbox 109 1678 331 1761; x_wconf 85' lang='lat' dir='ltr'><strong>paternisque;</strong></span> <span class='ocrx_word' id='word_1_126' title='bbox 355 1677 404 1741; x_wconf 93' lang='lat' dir='ltr'><strong>his</strong></span> <span class='ocrx_word' id='word_1_127' title='bbox 429 1679 513 1742; x_wconf 91' lang='lat' dir='ltr'><strong>enim</strong></span> <span class='ocrx_word' id='word_1_128' title='bbox 537 1678 648 1742; x_wconf 88' lang='lat' dir='ltr'><strong>cedere</strong></span> <span class='ocrx_word' id='word_1_129' title='bbox 670 1700 711 1742; x_wconf 90' lang='lat' dir='ltr'><strong>ne</strong></span> <span class='ocrx_word' id='word_1_130' title='bbox 730 1676 886 1743; x_wconf 76' lang='lat' dir='ltr'><strong>Corelliae</strong></span> <span class='ocrx_word' id='word_1_131' title='bbox 906 1678 1035 1762; x_wconf 91' lang='lat' dir='ltr'><strong>quidem</strong></span> <span class='ocrx_word' id='word_1_132' title='bbox 1060 1700 1134 1762; x_wconf 90' lang='lat' dir='ltr'><strong>pos·</strong></span> 
     </span>
    </p>

    <p class='ocr_par' dir='ltr' id='par_1_6' title="bbox 75 1764 1178 2119">
     <span class='ocr_line' id='line_1_18' title="bbox 75 1764 1135 1851; baseline 0.001 -20"><span class='ocrx_word' id='word_1_133' title='bbox 75 1783 189 1831; x_wconf 80' lang='lat' dir='ltr'><strong>usum.</strong></span> <span class='ocrx_word' id='word_1_134' title='bbox 236 1764 353 1851; x_wconf 78' lang='lat' dir='ltr'><strong>Igitur,</strong></span> <span class='ocrx_word' id='word_1_135' title='bbox 385 1788 457 1831; x_wconf 92' lang='lat' dir='ltr'><strong>cum</strong></span> <span class='ocrx_word' id='word_1_136' title='bbox 486 1767 669 1832; x_wconf 88' lang='lat' dir='ltr'><strong>obvenisset</strong></span> <span class='ocrx_word' id='word_1_137' title='bbox 696 1767 776 1831; x_wconf 90' lang='lat' dir='ltr'><strong>mihi</strong></span> <span class='ocrx_word' id='word_1_138' title='bbox 803 1768 979 1850; x_wconf 88' lang='lat' dir='ltr'><strong>hereditas,</strong></span> <span class='ocrx_word' id='word_1_139' title='bbox 1010 1769 1135 1851; x_wconf 89' lang='lat' dir='ltr'><strong>inqua</strong></span> 
     </span>
     <span class='ocr_line' id='line_1_19' title="bbox 109 1855 1133 1941; baseline 0.004 -23"><span class='ocrx_word' id='word_1_140' title='bbox 109 1855 241 1938; x_wconf 88' lang='lat' dir='ltr'><strong>praedia</strong></span> <span class='ocrx_word' id='word_1_141' title='bbox 262 1856 338 1940; x_wconf 90' lang='lat' dir='ltr'><strong>ista,</strong></span> <span class='ocrx_word' id='word_1_142' title='bbox 367 1856 481 1940; x_wconf 89' lang='lat' dir='ltr'><strong>scripsi</strong></span> <span class='ocrx_word' id='word_1_143' title='bbox 511 1857 540 1920; x_wconf 90' lang='lat' dir='ltr'><strong>ei</strong></span> <span class='ocrx_word' id='word_1_144' title='bbox 568 1856 694 1920; x_wconf 85' lang='lat' dir='ltr'><strong>venalia</strong></span> <span class='ocrx_word' id='word_1_145' title='bbox 721 1857 837 1922; x_wconf 88' lang='lat' dir='ltr'><strong>futura.</strong></span> <span class='ocrx_word' id='word_1_146' title='bbox 884 1856 952 1922; x_wconf 90' lang='lat' dir='ltr'><strong>Has</strong></span> <span class='ocrx_word' id='word_1_147' title='bbox 976 1858 1133 1941; x_wconf 83' lang='lat' dir='ltr'><strong>epistulas</strong></span> 
     </span>
     <span class='ocr_line' id='line_1_20' title="bbox 109 1944 1134 2031; baseline 0.002 -23"><span class='ocrx_word' id='word_1_148' title='bbox 109 1944 244 2009; x_wconf 88' lang='lat' dir='ltr'><strong>Hermes</strong></span> <span class='ocrx_word' id='word_1_149' title='bbox 268 1946 345 2010; x_wconf 90' lang='lat' dir='ltr'><strong>tulit</strong></span> <span class='ocrx_word' id='word_1_150' title='bbox 372 1946 591 2030; x_wconf 88' lang='lat' dir='ltr'><strong>exigentique,</strong></span> <span class='ocrx_word' id='word_1_151' title='bbox 620 1949 657 2009; x_wconf 90' lang='lat' dir='ltr'><strong>ut</strong></span> <span class='ocrx_word' id='word_1_152' title='bbox 684 1947 794 2011; x_wconf 87' lang='lat' dir='ltr'><strong>statim</strong></span> <span class='ocrx_word' id='word_1_153' title='bbox 817 1946 1000 2031; x_wconf 89' lang='lat' dir='ltr'><strong>portionem</strong></span> <span class='ocrx_word' id='word_1_154' title='bbox 1027 1968 1134 2011; x_wconf 86' lang='lat' dir='ltr'><strong>meam</strong></span> 
     </span>
     <span class='ocr_line' id='line_1_21' title="bbox 110 2033 1178 2119; baseline 0.004 -23"><span class='ocrx_word' id='word_1_155' title='bbox 110 2033 172 2099; x_wconf 90' lang='lat' dir='ltr'><strong>sibi</strong></span> <span class='ocrx_word' id='word_1_156' title='bbox 204 2034 377 2118; x_wconf 86' lang='lat' dir='ltr'><strong>addiceret,</strong></span> <span class='ocrx_word' id='word_1_157' title='bbox 417 2035 533 2118; x_wconf 86' lang='lat' dir='ltr'><strong>paruit.</strong></span> <span class='ocrx_word' id='word_1_158' title='bbox 579 2034 692 2118; x_wconf 90' lang='lat' dir='ltr'><strong>Vides,</strong></span> <span class='ocrx_word' id='word_1_159' title='bbox 730 2057 827 2119; x_wconf 88' lang='lat' dir='ltr'><strong>quam</strong></span> <span class='ocrx_word' id='word_1_160' title='bbox 859 2039 965 2100; x_wconf 88' lang='lat' dir='ltr'><strong>ratum</strong></span> <span class='ocrx_word' id='word_1_161' title='bbox 998 2035 1133 2100; x_wconf 86' lang='lat' dir='ltr'><strong>debeam</strong></span> <span class='ocrx_word' id='word_1_162' title='bbox 1152 2055 1178 2095; x_wconf 74' lang='lat'><strong>20</strong></span> 
     </span>
    </p>

    <p class='ocr_par' dir='ltr' id='par_1_7' title="bbox 75 2123 1133 2298">
     <span class='ocr_line' id='line_1_22' title="bbox 75 2123 1133 2211; baseline 0.001 -23"><span class='ocrx_word' id='word_1_163' title='bbox 75 2141 89 2188; x_wconf 77' lang='lat'>7</span> <span class='ocrx_word' id='word_1_164' title='bbox 109 2124 238 2207; x_wconf 90' lang='lat' dir='ltr'><strong>habere,</strong></span> <span class='ocrx_word' id='word_1_165' title='bbox 255 2123 342 2207; x_wconf 93' lang='lat' dir='ltr'><strong>quod</strong></span> <span class='ocrx_word' id='word_1_166' title='bbox 352 2124 487 2189; x_wconf 86' lang='lat' dir='ltr'><strong>libertus</strong></span> <span class='ocrx_word' id='word_1_167' title='bbox 498 2146 588 2189; x_wconf 88' lang='lat' dir='ltr'><strong>meus</strong></span> <span class='ocrx_word' id='word_1_168' title='bbox 599 2123 677 2189; x_wconf 88' lang='lat' dir='ltr'><strong>meis</strong></span> <span class='ocrx_word' id='word_1_169' title='bbox 686 2125 829 2189; x_wconf 90' lang='lat' dir='ltr'><strong>moribus</strong></span> <span class='ocrx_word' id='word_1_170' title='bbox 841 2126 949 2211; x_wconf 81' lang='lat' dir='ltr'><strong>gessit.</strong></span> <span class='ocrx_word' id='word_1_171' title='bbox 969 2123 1133 2208; x_wconf 81' lang='lat' dir='ltr'><strong>Superest,</strong></span> 
     </span>
     <span class='ocr_line' id='line_1_23' title="bbox 110 2212 1133 2298; baseline 0.002 -22"><span class='ocrx_word' id='word_1_172' title='bbox 110 2218 147 2277; x_wconf 89' lang='lat' dir='ltr'><strong>ut</strong></span> <span class='ocrx_word' id='word_1_173' title='bbox 170 2212 341 2278; x_wconf 90' lang='lat' dir='ltr'><strong>coheredes</strong></span> <span class='ocrx_word' id='word_1_174' title='bbox 366 2235 467 2296; x_wconf 86' lang='lat' dir='ltr'><strong>aequo</strong></span> <span class='ocrx_word' id='word_1_175' title='bbox 492 2214 599 2277; x_wconf 89' lang='lat' dir='ltr'><strong>animo</strong></span> <span class='ocrx_word' id='word_1_176' title='bbox 624 2212 729 2277; x_wconf 88' lang='lat' dir='ltr'><strong>ferant</strong></span> <span class='ocrx_word' id='word_1_177' title='bbox 752 2215 924 2298; x_wconf 89' lang='lat' dir='ltr'><strong>separatim</strong></span> <span class='ocrx_word' id='word_1_178' title='bbox 948 2236 999 2278; x_wconf 90' lang='lat' dir='ltr'><strong>me</strong></span> <span class='ocrx_word' id='word_1_179' title='bbox 1022 2214 1133 2278; x_wconf 83' lang='lat' dir='ltr'><strong>vendi·</strong></span> 
     </span>
    </p>

    <p class='ocr_par' dir='ltr' id='par_1_8' title="bbox 73 2302 1177 2654">
     <span class='ocr_line' id='line_1_24' title="bbox 73 2302 1132 2385; baseline 0.003 -21"><span class='ocrx_word' id='word_1_180' title='bbox 73 2318 89 2365; x_wconf 84' lang='lat'>8</span> <span class='ocrx_word' id='word_1_181' title='bbox 110 2302 206 2385; x_wconf 91' lang='lat' dir='ltr'><strong>disse,</strong></span> <span class='ocrx_word' id='word_1_182' title='bbox 231 2303 317 2384; x_wconf 91' lang='lat' dir='ltr'><strong>quod</strong></span> <span class='ocrx_word' id='word_1_183' title='bbox 336 2303 416 2367; x_wconf 91' lang='lat' dir='ltr'><strong>mihi</strong></span> <span class='ocrx_word' id='word_1_184' title='bbox 434 2303 526 2367; x_wconf 89' lang='lat' dir='ltr'><strong>licuit</strong></span> <span class='ocrx_word' id='word_1_185' title='bbox 545 2302 677 2367; x_wconf 90' lang='lat' dir='ltr'><strong>omnino</strong></span> <span class='ocrx_word' id='word_1_186' title='bbox 695 2324 763 2367; x_wconf 91' lang='lat' dir='ltr'><strong>non</strong></span> <span class='ocrx_word' id='word_1_187' title='bbox 780 2304 924 2368; x_wconf 84' lang='lat' dir='ltr'><strong>vendere.</strong></span> <span class='ocrx_word' id='word_1_188' title='bbox 966 2303 1037 2368; x_wconf 90' lang='lat' dir='ltr'><strong>Nec</strong></span> <span class='ocrx_word' id='word_1_189' title='bbox 1055 2326 1132 2368; x_wconf 85' lang='lat' dir='ltr'><strong>vero</strong></span> 
     </span>
     <span class='ocr_line' id='line_1_25' title="bbox 109 2392 1132 2477; baseline 0.003 -23"><span class='ocrx_word' id='word_1_190' title='bbox 109 2395 270 2475; x_wconf 87' lang='lat' dir='ltr'><strong>coguntur</strong></span> <span class='ocrx_word' id='word_1_191' title='bbox 307 2392 427 2456; x_wconf 91' lang='lat' dir='ltr'><strong>imitari</strong></span> <span class='ocrx_word' id='word_1_192' title='bbox 464 2413 572 2456; x_wconf 91' lang='lat' dir='ltr'><strong>meum</strong></span> <span class='ocrx_word' id='word_1_193' title='bbox 609 2393 807 2477; x_wconf 81' lang='lat' dir='ltr'><strong>exemplum3</strong></span> <span class='ocrx_word' id='word_1_194' title='bbox 848 2415 915 2457; x_wconf 93' lang='lat' dir='ltr'><strong>non</strong></span> <span class='ocrx_word' id='word_1_195' title='bbox 947 2393 1032 2456; x_wconf 89' lang='lat' dir='ltr'><strong>enim</strong></span> <span class='ocrx_word' id='word_1_196' title='bbox 1066 2392 1132 2457; x_wconf 91' lang='lat' dir='ltr'><strong>illis</strong></span> 
     </span>
     <span class='ocr_line' id='line_1_26' title="bbox 109 2479 1177 2568; baseline -0.003 -25"><span class='ocrx_word' id='word_1_197' title='bbox 109 2480 220 2543; x_wconf 86' lang='lat' dir='ltr'><strong>eadem</strong></span> <span class='ocrx_word' id='word_1_198' title='bbox 244 2502 317 2545; x_wconf 91' lang='lat' dir='ltr'><strong>cum</strong></span> <span class='ocrx_word' id='word_1_199' title='bbox 338 2479 476 2546; x_wconf 72' lang='lat' dir='ltr'><strong>Corellia</strong></span> <span class='ocrx_word' id='word_1_200' title='bbox 494 2482 571 2545; x_wconf 89' lang='lat' dir='ltr'><strong>iura.</strong></span> <span class='ocrx_word' id='word_1_201' title='bbox 619 2479 760 2546; x_wconf 89' lang='lat' dir='ltr'><strong>Possunt</strong></span> <span class='ocrx_word' id='word_1_202' title='bbox 778 2505 854 2568; x_wconf 87' lang='lat' dir='ltr'><strong>ergo</strong></span> <span class='ocrx_word' id='word_1_203' title='bbox 873 2482 992 2546; x_wconf 91' lang='lat' dir='ltr'><strong>intueri</strong></span> <span class='ocrx_word' id='word_1_204' title='bbox 1011 2482 1132 2546; x_wconf 90' lang='lat' dir='ltr'><strong>utilita-</strong></span> <span class='ocrx_word' id='word_1_205' title='bbox 1151 2500 1177 2541; x_wconf 80' lang='lat' dir='ltr'><strong>aa</strong></span> 
     </span>
     <span class='ocr_line' id='line_1_27' title="bbox 109 2569 968 2654; baseline 0.002 -22"><span class='ocrx_word' id='word_1_206' title='bbox 109 2574 173 2633; x_wconf 86' lang='lat' dir='ltr'><strong>tem</strong></span> <span class='ocrx_word' id='word_1_207' title='bbox 198 2590 302 2652; x_wconf 90' lang='lat' dir='ltr'><strong>suam,</strong></span> <span class='ocrx_word' id='word_1_208' title='bbox 325 2592 384 2653; x_wconf 93' lang='lat' dir='ltr'><strong>pro</strong></span> <span class='ocrx_word' id='word_1_209' title='bbox 409 2593 472 2654; x_wconf 90' lang='lat' dir='ltr'><strong>qua</strong></span> <span class='ocrx_word' id='word_1_210' title='bbox 496 2569 576 2634; x_wconf 91' lang='lat' dir='ltr'><strong>mihi</strong></span> <span class='ocrx_word' id='word_1_211' title='bbox 598 2569 661 2635; x_wconf 88' lang='lat' dir='ltr'><strong>fuit</strong></span> <span class='ocrx_word' id='word_1_212' title='bbox 684 2571 832 2636; x_wconf 90' lang='lat' dir='ltr'><strong>amicitia.</strong></span> <span class='ocrx_word' id='word_1_213' title='bbox 879 2571 968 2636; x_wconf 85' lang='lat' dir='ltr'><strong>Vale.</strong></span> 
     </span>
    </p>
   </div>
   <div class='ocr_carea' id='block_1_4' title="bbox 373 2737 870 2913">
    <p class='ocr_par' dir='ltr' id='par_1_9' title="bbox 373 2737 870 2913">
     <span class='ocr_line' id='line_1_28' title="bbox 589 2737 656 2795; baseline 0.015 -1"><span class='ocrx_word' id='word_1_214' title='bbox 589 2737 656 2795; x_wconf 89' lang='lat' dir='ltr'>XII.</span> 
     </span>
     <span class='ocr_line' id='line_1_29' title="bbox 373 2862 870 2913; baseline 0.002 -3"><span class='ocrx_word' id='word_1_215' title='bbox 373 2863 404 2911; x_wconf 78' lang='grc' dir='ltr'><strong>Ο.</strong></span> <span class='ocrx_word' id='word_1_216' title='bbox 420 2862 567 2912; x_wconf 80' lang='lat' dir='ltr'>PLINIUS</span> <span class='ocrx_word' id='word_1_217' title='bbox 586 2863 731 2913; x_wconf 84' lang='lat' dir='ltr'>MINICIO</span> <span class='ocrx_word' id='word_1_218' title='bbox 752 2863 821 2912; x_wconf 82' lang='lat' dir='ltr'><strong>SUO</strong></span> <span class='ocrx_word' id='word_1_219' title='bbox 842 2863 870 2911; x_wconf 78' lang='lat' dir='ltr'><strong>S.</strong></span> 
     </span>
    </p>
   </div>
   <div class='ocr_carea' id='block_1_5' title="bbox 72 2977 1176 3422">
    <p class='ocr_par' dir='ltr' id='par_1_10' title="bbox 74 2977 1176 3332">
     <span class='ocr_line' id='line_1_30' title="bbox 74 2977 1131 3064; baseline 0.005 -22"><span class='ocrx_word' id='word_1_220' title='bbox 74 2998 86 3042; x_wconf 91' lang='lat'>1</span> <span class='ocrx_word' id='word_1_221' title='bbox 174 2977 335 3042; x_wconf 89' lang='lat' dir='ltr'><strong>Libellum</strong></span> <span class='ocrx_word' id='word_1_222' title='bbox 350 2979 524 3043; x_wconf 88' lang='lat' dir='ltr'><strong>formatum</strong></span> <span class='ocrx_word' id='word_1_223' title='bbox 539 3003 557 3044; x_wconf 87' lang='lat' dir='ltr'><strong>a</strong></span> <span class='ocrx_word' id='word_1_224' title='bbox 572 3003 637 3063; x_wconf 90' lang='lat' dir='ltr'><strong>me,</strong></span> <span class='ocrx_word' id='word_1_225' title='bbox 652 2982 735 3045; x_wconf 88' lang='lat' dir='ltr'><strong>sicut</strong></span> <span class='ocrx_word' id='word_1_226' title='bbox 750 3001 913 3064; x_wconf 83' lang='lat' dir='ltr'><strong>exegeras,</strong></span> <span class='ocrx_word' id='word_1_227' title='bbox 929 3001 993 3063; x_wconf 95' lang='lat' dir='ltr'><strong>quo</strong></span> <span class='ocrx_word' id='word_1_228' title='bbox 1008 2982 1131 3047; x_wconf 87' lang='lat' dir='ltr'><strong>anricus</strong></span> 
     </span>
     <span class='ocr_line' id='line_1_31' title="bbox 109 3062 1176 3156; baseline 0.003 -25"><span class='ocrx_word' id='word_1_229' title='bbox 109 3072 198 3149; x_wconf 90' lang='lat' dir='ltr'><strong>tuus,</strong></span> <span class='ocrx_word' id='word_1_230' title='bbox 225 3069 325 3131; x_wconf 90' lang='lat' dir='ltr'><strong>immo</strong></span> <span class='ocrx_word' id='word_1_231' title='bbox 348 3073 459 3132; x_wconf 87' lang='lat' dir='ltr'><strong>noster</strong></span> <span class='ocrx_word' id='word_1_232' title='bbox 482 3062 584 3154; x_wconf 83' lang='lat' dir='ltr'><strong>(quid</strong></span> <span class='ocrx_word' id='word_1_233' title='bbox 599 3071 684 3134; x_wconf 90' lang='lat' dir='ltr'><strong>enim</strong></span> <span class='ocrx_word' id='word_1_234' title='bbox 712 3090 778 3133; x_wconf 90' lang='lat' dir='ltr'><strong>non</strong></span> <span class='ocrx_word' id='word_1_235' title='bbox 802 3091 970 3134; x_wconf 88' lang='lat' dir='ltr'><strong>commune</strong></span> <span class='ocrx_word' id='word_1_236' title='bbox 998 3069 1132 3156; x_wconf 89' lang='lat' dir='ltr'><strong>nobisl),</strong></span> <span class='ocrx_word' id='word_1_237' title='bbox 1150 3090 1176 3129; x_wconf 76' lang='lat'><strong>³⁰</strong></span> 
     </span>
     <span class='ocr_line' id='line_1_32' title="bbox 109 3157 1131 3242; baseline 0.005 -23"><span class='ocrx_word' id='word_1_238' title='bbox 109 3157 135 3219; x_wconf 93' lang='lat' dir='ltr'><strong>si</strong></span> <span class='ocrx_word' id='word_1_239' title='bbox 163 3178 213 3220; x_wconf 91' lang='lat' dir='ltr'><strong>res</strong></span> <span class='ocrx_word' id='word_1_240' title='bbox 242 3162 403 3240; x_wconf 90' lang='lat' dir='ltr'><strong>posceret,</strong></span> <span class='ocrx_word' id='word_1_241' title='bbox 433 3161 589 3241; x_wconf 87' lang='lat' dir='ltr'><strong>uteretur,</strong></span> <span class='ocrx_word' id='word_1_242' title='bbox 622 3159 695 3222; x_wconf 92' lang='lat' dir='ltr'><strong>misi</strong></span> <span class='ocrx_word' id='word_1_243' title='bbox 724 3158 783 3222; x_wconf 88' lang='lat' dir='ltr'><strong>tibi</strong></span> <span class='ocrx_word' id='word_1_244' title='bbox 816 3158 888 3223; x_wconf 91' lang='lat' dir='ltr'><strong>ideo</strong></span> <span class='ocrx_word' id='word_1_245' title='bbox 921 3159 1058 3242; x_wconf 87' lang='lat' dir='ltr'><strong>tardius,</strong></span> <span class='ocrx_word' id='word_1_246' title='bbox 1091 3182 1131 3224; x_wconf 90' lang='lat' dir='ltr'><strong>ne</strong></span> 
     </span>
     <span class='ocr_line' id='line_1_33' title="bbox 107 3246 1131 3332; baseline 0.006 -24"><span class='ocrx_word' id='word_1_247' title='bbox 107 3251 235 3329; x_wconf 90' lang='lat' dir='ltr'><strong>tempus</strong></span> <span class='ocrx_word' id='word_1_248' title='bbox 259 3246 448 3311; x_wconf 86' lang='lat' dir='ltr'><strong>emendandi</strong></span> <span class='ocrx_word' id='word_1_249' title='bbox 471 3270 558 3330; x_wconf 90' lang='lat' dir='ltr'><strong>eum,</strong></span> <span class='ocrx_word' id='word_1_250' title='bbox 595 3248 627 3311; x_wconf 93' lang='lat' dir='ltr'><strong>id</strong></span> <span class='ocrx_word' id='word_1_251' title='bbox 660 3251 709 3312; x_wconf 87' lang='lat' dir='ltr'><strong>est</strong></span> <span class='ocrx_word' id='word_1_252' title='bbox 741 3247 958 3332; x_wconf 88' lang='lat' dir='ltr'><strong>disperdendi,</strong></span> <span class='ocrx_word' id='word_1_253' title='bbox 989 3248 1131 3315; x_wconf 91' lang='lat' dir='ltr'><strong>haberes.</strong></span> 
     </span>
    </p>

    <p class='ocr_par' dir='ltr' id='par_1_11' title="bbox 72 3333 1131 3422">
     <span class='ocr_line' id='line_1_34' title="bbox 72 3333 1131 3422; baseline 0.004 -23"><span class='ocrx_word' id='word_1_254' title='bbox 72 3333 250 3399; x_wconf 74' lang='lat' dir='ltr'><strong>rHabebis</strong></span> <span class='ocrx_word' id='word_1_255' title='bbox 278 3338 401 3420; x_wconf 87' lang='lat' dir='ltr'><strong>tamen,</strong></span> <span class='ocrx_word' id='word_1_256' title='bbox 434 3359 474 3400; x_wconf 91' lang='lat' dir='ltr'><strong>an</strong></span> <span class='ocrx_word' id='word_1_257' title='bbox 498 3336 687 3400; x_wconf 86' lang='lat' dir='ltr'><strong>emendandi</strong></span> <span class='ocrx_word' id='word_1_258' title='bbox 715 3338 837 3420; x_wconf 88' lang='lat' dir='ltr'><strong>nescio,</strong></span> <span class='ocrx_word' id='word_1_259' title='bbox 871 3338 981 3420; x_wconf 86' lang='lat' dir='ltr'><strong>utique</strong></span> <span class='ocrx_word' id='word_1_260' title='bbox 1012 3337 1131 3422; x_wconf 90' lang='lat' dir='ltr'><strong>disper·</strong></span> 
     </span>
    </p>
   </div>
   <div class='ocr_carea' id='block_1_6' title="bbox 77 3491 1130 3618">
    <p class='ocr_par' dir='ltr' id='par_1_12' title="bbox 77 3491 1130 3618">
     <span class='ocr_line' id='line_1_35' title="bbox 77 3491 1130 3618; baseline 0.004 -74"><span class='ocrx_word' id='word_1_261' title='bbox 77 3561 127 3610; x_wconf 65' lang='lat' dir='ltr'><strong>ad</strong></span> <span class='ocrx_word' id='word_1_262' title='bbox 138 3492 291 3618; x_wconf 45' lang='grc'><strong>1217081121),</strong></span> <span class='ocrx_word' id='word_1_263' title='bbox 309 3491 372 3549; x_wconf 70' lang='grc' dir='ltr'><em>ἀεὶ),</em></span> <span class='ocrx_word' id='word_1_264' title='bbox 388 3496 506 3564; x_wconf 73' lang='lat' dir='ltr'><strong>Dpra,</strong></span> <span class='ocrx_word' id='word_1_265' title='bbox 528 3495 626 3550; x_wconf 81' lang='lat' dir='ltr'><strong>Muell.</strong></span> <span class='ocrx_word' id='word_1_266' title='bbox 713 3500 746 3548; x_wconf 79' lang='lat'><strong>26</strong></span> <span class='ocrx_word' id='word_1_267' title='bbox 766 3510 834 3563; x_wconf 87' lang='lat' dir='ltr'><strong>prae</strong></span> <span class='ocrx_word' id='word_1_268' title='bbox 849 3495 948 3565; x_wconf 77' lang='lat' dir='ltr'><strong>Stanpl</strong></span> <span class='ocrx_word' id='word_1_269' title='bbox 962 3499 1023 3561; x_wconf 82' lang='lat'><strong>677,</strong></span> <span class='ocrx_word' id='word_1_270' title='bbox 1043 3497 1090 3550; x_wconf 81' lang='lat' dir='ltr'><strong>aed</strong></span> <span class='ocrx_word' id='word_1_271' title='bbox 1106 3514 1130 3550; x_wconf 84' lang='lat' dir='ltr'><strong>c.</strong></span> 
     </span>
    </p>
   </div>
   <div class='ocr_carea' id='block_1_7' title="bbox 0 0 1204 3862">
    <p class='ocr_par' dir='ltr' id='par_1_13' title="bbox 0 0 1204 3862">
     <span class='ocr_line' id='line_1_36' title="bbox 0 0 1204 3862; baseline 0 0"><span class='ocrx_word' id='word_1_272' title='bbox 0 0 1204 3862; x_wconf 95' lang='lat' dir='ltr'><strong> </strong></span> 
     </span>
    </p>
   </div>
  </div>
 </body>
</html>
