2400 3862
96 188 160 253 120
531 183 559 238 o.
579 182 678 238 emur

58 347 233 414 abreviter
260 348 447 432 amplectar,
475 345 603 412 ‘homo
633 346 738 412 sum’.
783 345 853 412 Nec
875 367 951 411 vero
979 348 1113 412 moleste

94 437 161 502 fero
185 436 269 501 hanc
292 458 360 502 esse
384 437 423 501 de
446 436 590 502 moribus
605 435 684 502 meis
699 435 978 518 existimationem,
992 440 1041 518 ut,
1058 437 1114 520 qui

93 526 242 591 nesciunt
279 524 358 590 talia
387 524 616 609 doctissimos,
638 524 859 612 gravissimos,
894 525 1113 591 sanctissimos

58 616 241 680 shomines
265 614 476 698 scriptitasse,
504 637 556 679 me
584 614 721 681 scribere
747 614 912 678 mirentur.
965 612 1017 679 Ab
1048 615 1113 680 illis

94 709 214 789 autem,
238 702 355 787 quibus
383 706 497 768 notum
526 707 588 788 est,
619 725 699 788 quos
730 707 934 787 quantosque
965 708 1145 769 auctorest

95 815 223 878 sequar,
246 791 340 857 facile
363 792 529 876 impetrari
552 812 647 877 posse
675 793 818 874 confido,
851 797 888 857 ut
920 815 1025 858 errare
1053 816 1113 876 me,

95 883 150 948 sed
174 881 334 947 cumillis
359 881 479 963 sinant,
503 903 640 965 quorum
658 904 724 947 non
752 881 834 948 seria
861 883 973 966 modo,
1003 905 1113 947 verum

59 972 191 1038 ostiam
209 971 299 1036 lusus
323 970 500 1054 exprimere
531 971 693 1036 laudabile
725 975 782 1036 333.
828 969 882 1036 An
911 993 971 1058 ego
1004 992 1114 1036 verear

93 1059 270 1147 (neminem
294 1059 486 1143 viventium,
507 1082 549 1125 ne
573 1065 670 1145 quam
692 1060 727 1125 in
750 1061 890 1145 speciem
919 1061 1112 1126 adulationis

93 1149 242 1233 incidam,
265 1147 464 1234 nominabo),
483 1150 539 1213 sed
558 1170 618 1235 ego
642 1155 765 1230 verear,
794 1171 835 1214 ne
865 1172 916 1214 me
939 1171 1006 1215 non
1035 1150 1159 1214 satis10

94 1239 219 1319 deceat,
243 1238 329 1322 quod
363 1237 470 1303 decuit
491 1236 535 1302 M.
559 1238 711 1322 Tullium,
737 1237 769 1303 O.
790 1237 934 1320 Calvum,
964 1237 1113 1304 Asinium

94 1326 284 1412 Pollionem,
306 1326 349 1391 M.
374 1325 555 1410 Messalam,
585 1327 621 1404 Q.
647 1327 868 1411 Hortensium,
898 1327 941 1392 M.
966 1328 1115 1411 Brutum,

94 1416 129 1481 L.
145 1414 278 1501 Sullam,
302 1415 337 1492 Q.
363 1414 521 1499 Catulum,
546 1416 582 1493 Q.
606 1414 803 1500 Scaevolam,
832 1415 980 1482 Servium
1009 1416 1115 1500 Sulpi-

95 1506 194 1589 cium,
217 1504 267 1569 M.
286 1504 479 1585 Varronem,
506 1504 544 1570 L.
568 1504 776 1588 Torquatum,
798 1506 897 1571 immo
924 1506 1115 1590 Torquatos,

95 1593 128 1659 O.
142 1594 342 1676 Memmium,
357 1593 531 1659 Lentulum
547 1591 757 1677 Gaetulicum,
775 1593 944 1659 Annaeum
960 1594 1115 1660 Senecam
1134 1612 1159 1653 1⁶

96 1687 128 1748 et
159 1683 304 1768 proxime
338 1682 528 1770 Verginium
560 1682 682 1748 Rufum
715 1688 759 1765 et,
792 1685 819 1749 si
850 1707 917 1749 non
949 1684 1116 1750 sufficiunt

95 1774 241 1857 exempla
268 1772 402 1856 privata,
425 1772 535 1836 divum
558 1773 687 1853 Iulium,
711 1774 821 1838 divum
844 1771 1042 1859 Augustum,
1071 1774 1116 1837 di·

60 1879 171 1927 ovum
202 1861 358 1944 Nervam,
389 1861 554 1926 Tiberium
587 1860 775 1928 Gaesarem?
829 1861 992 1928 Neronem
1030 1862 1115 1928 enim

94 1955 231 2032 transeo,
255 1951 401 2035 quamvis
425 1952 524 2015 sciam
542 1973 609 2016 non
623 1952 786 2036 corrumpi
808 1953 843 2017 in
862 1952 1010 2033 deterius,
1034 1974 1114 2036 quae

95 2039 267 2124 aliquando
296 2039 392 2104 etiam
419 2063 438 2104 a
470 2040 573 2124 malis,
605 2041 660 2106 sed
691 2041 828 2106 honesta
859 2063 1004 2126 manere,
1034 2063 1115 2124 quae
1134 2059 1160 2098 2⁰

95 2129 221 2212 saepius
246 2129 380 2193 abonis
409 2129 500 2193 fiunt.
546 2127 635 2194 Inter
665 2151 746 2214 quos
774 2132 826 2195 vel
857 2131 1028 2214 praecipue
1058 2153 1115 2194 nu·

94 2218 265 2283 morandus
288 2221 337 2283 333
359 2217 393 2282 P.
413 2217 590 2304 Vergilius,
624 2217 790 2284 Cornelius
823 2218 934 2304 Nepos
963 2223 995 2284 33
1025 2219 1115 2303 prius

94 2305 220 2371 Ennius
244 2303 434 2391 Acciusque.
480 2306 557 2373 Non
571 2308 701 2391 quidem
715 2308 751 2373 hi
765 2312 937 2390 senatores,
957 2309 1012 2373 sed
1026 2330 1116 2373 sanc-

61 2395 171 2460 731333
204 2404 331 2459 morum
362 2418 430 2461 non
443 2396 542 2462 distat
556 2397 730 2463 ordinibus.
767 2397 881 2463 Recito
896 2402 1013 2481 tamen,
1028 2398 1115 2480 quod

95 2484 144 2548 illi
167 2507 209 2548 an
238 2485 386 2569 fecerint,
414 2486 531 2551 nescio.
584 2486 706 2552 Etiam:
739 2488 794 2552 sed
824 2487 874 2551 illi
906 2486 1024 2551 iudicio
1056 2509 1114 2552 suo
1134 2502 1160 2543 2⁶

96 2576 245 2658 poterant
268 2595 337 2638 esse
360 2577 513 2657 contenti,
537 2575 617 2640 mihi
645 2576 821 2642 modestior
849 2576 1029 2641 constantia
1058 2580 1115 2660 333,

96 2685 193 2747 quam
216 2666 253 2726 ut
276 2663 353 2727 satis
378 2664 563 2729 absolutum
586 2669 707 2749 putem,
731 2666 818 2748 quod
841 2686 860 2729 a
883 2687 933 2729 me
951 2665 1114 2747 probetur.

59 2750 209 2835 altaque
231 2752 289 2816 has
312 2752 468 2816 recitandi
491 2776 601 2819 causas
616 2776 741 2839 sequor,
760 2754 899 2838 primum
927 2754 1013 2837 quod
1038 2754 1116 2838 ipse,

97 2842 154 2924 qui
175 2841 302 2924 recitat,
336 2841 501 2924 aliquanto
535 2845 638 2908 acrius
672 2842 798 2927 scriptis
832 2843 897 2908 suis
931 2843 1115 2908 auditorum

169 3076 183 3122 1
204 3071 452 3137 cfiPetron.130;
479 3072 537 3125 Ter.
558 3073 661 3126 Hecut.
677 3076 729 3138 77;
751 3072 845 3126 Placet.
869 3073 946 3126 Tria.
966 3076 1035 3138 447,-
1053 3074 1115 3126 Iao.

101 3141 223 3208 171284,
242 3143 278 3196 31,
378 3145 412 3194 14
431 3141 467 3194 M.
488 3143 552 3197 odd.
571 3144 730 3198 Mommsen.
751 3172 784 3184 --
803 3143 833 3197 L.
853 3144 918 3198 odd.
937 3143 1036 3214 Staaql
1054 3148 1115 3198 678.

96 3216 131 3264 15
155 3214 303 3266 Annaeum
327 3212 461 3267 Senecam
484 3215 524 3282 (et
546 3216 677 3283 3313333)
704 3215 848 3268 Lucanum
872 3217 901 3269 et
923 3232 1000 3284 prox.
1025 3216 1117 3282 Mrs,

95 3283 176 3351 K.I,
199 3300 250 3338 om.
275 3285 324 3353 (et)
347 3285 490 3337 Lucanum
514 3286 679 3354 RFDpo,
706 3287 743 3340 K.
757 3287 828 3354 disp,
847 3288 918 3341 111
936 3304 985 3355 eq,
1008 3288 1117 3354 Mucll,

94 3353 195 3422 Mein,
212 3355 359 3408 Annaeum
379 3354 527 3423 Senecam,
545 3356 693 3410 Annaeum
712 3357 856 3411 Lucanum
876 3359 904 3410 et
923 3374 999 3426 prox.
1020 3359 1058 3411 K.
1073 3360 1115 3412 ΙΙ,

89 3429 130 3477 22
150 3425 227 3494 Virg.
248 3427 383 3494 RFpra.
481 3433 514 3480 23
534 3427 641 3481 Ennius
659 3427 817 3497 Acciusque
836 3430 999 3497 RFa(pr),
1018 3428 1117 3499 Staapl

75 3493 140 3557 663,
148 3495 261 3548 Accius
268 3496 439 3568 Enniusque
449 3499 489 3554 M
494 3500 560 3570 (D),
571 3499 608 3556 K.
618 3501 661 3554 11.
725 3505 759 3554 26
769 3498 941 3554 conscientia
952 3499 1117 3567 03333333,

60 3555 106 3609 K
123 3566 260 3629 consum
275 3569 364 3626 3133333
387 3572 469 3642 1⁷12,
484 3577 509 3629 4.
829 3599 830 3603 ¹
