2400 3862
101 183 167 248 272
419 178 448 234 o.
467 177 565 233 amru
582 178 630 233 ar
649 177 803 233 11111111

101 343 205 409 tiones
228 347 300 409 tuas
323 347 391 408 tam
412 344 516 407 laetus
540 346 693 426 sequatur
716 345 861 425 eventus,
890 346 927 407 ut
949 342 1122 407 virtutibus

101 433 199 496 tantis
223 432 328 519 gloria
351 431 479 515 imperii
503 435 535 496 et
557 435 696 496 novetur
718 435 751 496 et
774 435 938 517 augeatur.

499 597 563 656 xv.
588 594 722 674 [xxvi]

299 706 330 756 C.
345 706 493 756 PLINIUS
512 705 672 757 TRAIANO
692 707 929 778 IMPERATORI.

165 806 247 882 Quia
277 805 417 888 confido,
448 806 591 888 domine,
621 806 661 870 ad
691 827 802 870 curam
832 809 922 869 tuam
952 805 1185 888 pertineres,

100 895 216 959 nuntio
240 895 300 959 tibi
323 916 374 960 me
393 894 560 978 Ephesum
584 915 658 959 cum
677 895 827 959 omnibus
847 895 925 959 meis
944 893 1030 979 ὑπὲρ
1049 900 1124 959 Μα-

101 983 180 1049 λέαν
217 985 385 1070 navigasse
423 984 569 1066 quamvis
606 983 775 1050 contrariis
811 984 916 1048 ventis
952 987 1123 1050 retentum.

100 1071 197 1138 Nunc
220 1073 345 1138 destino
369 1073 488 1157 partim
512 1073 626 1138 orariis
649 1073 799 1156 navibus,
822 1073 941 1156 partim
965 1073 1123 1138 vehiculis

100 1164 300 1246 provinciam
323 1167 440 1246 petere.
486 1161 573 1227 Nam
591 1163 675 1227 siout
693 1163 801 1226 itineri
819 1183 932 1248 graves
952 1167 1058 1228 aestus
1078 1163 1124 1226 ita

101 1252 272 1317 continuae
294 1251 495 1337 navigationi
519 1252 636 1317 etesiae
659 1251 865 1316 reluctantur.
1144 1272 1170 1310 11

483 1419 563 1478 xvv.
590 1415 739 1493 [xxva]

445 1543 627 1594 TRAIANUS
647 1545 783 1594 PLINIO.

169 1643 266 1708 Recte
289 1644 499 1726 renuntiasti,
519 1643 565 1707 mi
589 1642 734 1708 Secunde
758 1645 931 1713 carissime.
978 1645 1124 1709 Pertinet

100 1732 186 1797 enim
216 1733 257 1823 ad
287 1732 431 1796 animum
456 1755 578 1815 meum,
608 1733 696 1816 quali
722 1733 836 1798 itinere
862 1735 897 1798 in
922 1735 1123 1818 provinciam

99 1823 276 1905 pervenias.
317 1820 495 1886 Prudenter
513 1824 619 1885 autem
640 1822 810 1887 constituis
829 1823 959 1888 interim
978 1824 1123 1906 navibus,
1143 1846 1169 1887 11

99 1912 228 1976 interim
251 1910 408 1974 vehiculis
432 1911 493 1993 uti,
517 1914 615 1993 prout
638 1911 710 1976 loca
733 1913 901 1981 suaserint.

445 2075 533 2134 xvu
547 2076 582 2137 A.
609 2073 776 2152 [rrum]

297 2204 328 2254 c.
343 2203 491 2254 parvius
507 2162 671 2254 'vairano
691 2203 930 2254 iurantium.

66 2322 79 2367 1
168 2303 259 2368 Siout
289 2304 532 2368 saluberrimam
561 2303 818 2387 navigationem,
849 2303 991 2386 domine,
1021 2325 1123 2386 usque

99 2393 264 2477 Ephesum
295 2397 444 2476 expertus
475 2393 520 2456 ita
550 2391 637 2475 inde,
670 2397 842 2476 postquam
874 2393 1030 2457 vehiculis
1061 2393 1169 2456 iterio

100 2483 203 2548 facere
228 2483 334 2564 coepi,
357 2482 556 2566 gravissimis
580 2481 720 2546 aestibus
745 2488 841 2564 atque
866 2481 962 2546 etiam
985 2481 1123 2547 febricu-

64 2571 140 2637 alis
164 2574 296 2635 vexatus
320 2570 469 2656 Pergami
493 2571 631 2636 substiti.
677 2571 816 2653 Rursus,
839 2592 912 2634 oum
936 2571 1123 2636 transissem

100 2663 135 2726 in
153 2661 272 2725 orarias
291 2661 472 2743 naviculas,
495 2660 663 2725 contrariis
678 2662 782 2725 ventis
797 2664 940 2723 retentus
955 2661 1122 2743 aliquanto

99 2751 235 2832 tardius,
266 2771 362 2833 quam
393 2771 609 2833 speraveram,
638 2750 671 2812 id
701 2752 750 2814 est
780 2748 842 2813 XV
869 2749 932 2812 kal.
957 2747 1123 2832 Octobres,

99 2839 287 2924 Bithyniam
305 2839 432 2902 intravi.
480 2838 556 2903 Non
575 2861 707 2923 possum
726 2844 835 2903 tamen
855 2838 893 2901 de
912 2859 1003 2902 mora
1022 2839 1123 2922 queri,
1143 2869 1169 2909 25

100 2951 174 2993 cum
197 2929 278 2992 mihi
302 2927 488 3012 contigerit,
518 2928 605 3010 q'uod
633 2932 701 2992 erat
729 2927 1037 3010 auspicatissimum,
1067 2950 1122 2990 na-

65 3019 198 3082 atalem
227 3022 320 3081 tuum
350 3017 385 3081 in
413 3017 580 3099 provincia
608 3017 776 3083 celebrare.
822 3015 919 3081 Nunc
945 3017 991 3080 rei
1016 3017 1123 3100 publi-

101 3129 155 3171 cae
178 3106 386 3171 Prusensium
418 3105 593 3188 impendia,
623 3105 759 3187 reditus,
788 3105 948 3169 debitores
979 3107 1123 3188 excutio,

101 3197 187 3278 quod
211 3218 250 3259 ex
273 3196 344 3279 ipso
368 3199 509 3260 tractatu
532 3196 634 3280 magis
658 3217 695 3258 ac
714 3194 817 3279 magis
835 3195 1052 3258 necessarium
1075 3196 1122 3260 in-

100 3286 227 3370 tellego.
273 3285 396 3349 Multae
417 3285 503 3348 enim
527 3284 679 3369 pecuniae
703 3283 800 3347 variis
824 3306 863 3348 ex
887 3283 991 3348 causis
1016 3307 1035 3347 a
1057 3286 1122 3366 pri·
1142 3315 1169 3355 ω

172 3431 187 3478 6
207 3427 242 3490 cf.
258 3426 320 3479 Otto
339 3424 470 3492 Sprictw.
488 3440 516 3491 p.
533 3429 589 3480 206
602 3441 640 3492 ap.
730 3428 745 3475 7
764 3425 914 3477 retentum.
928 3421 1011 3477 Nunc
1032 3425 1121 3479 Hear.

85 3496 189 3560 Stepb,
210 3497 306 3562 AEJJ,
325 3496 429 3564 Βανά,
455 3497 564 3562 Maeli,
590 3494 747 3563 navigasse.
785 3494 918 3559 Quamvis
938 3495 1026 3548 contr.
1046 3499 1121 3550 vent.

69 3566 212 3633 retentus,
231 3585 316 3639 >nunc
336 3570 406 3636 Ba,
429 3569 468 3626 K.
480 3571 506 3625 I.
584 3573 619 3623 14
636 3567 668 3623 in
688 3567 752 3622 adst.
766 3567 827 3622 (lot.
