2400 3862
104 226 170 292 250
541 222 569 278 ο.
588 222 687 277 amru

104 386 152 451 Tu
189 387 382 471 passerculis
421 391 453 450 et
439 386 684 453 tcolumbulis
721 386 841 452 nostris
878 385 963 450 inter
999 386 1126 469 aquilas

103 480 225 543 vestras
254 476 344 541 dabis
371 497 506 560 pennas,
534 476 563 540 si
590 479 700 540 tamen
726 478 759 539 et
744 475 848 540 tsibi
875 478 950 539 ett
935 473 997 539 tibi
1020 477 1127 559 place·

103 564 198 648 bunt3
171 564 249 629 tsi
268 569 339 629 tant
339 588 395 629 um
414 565 489 648 sibi,
512 565 725 630 continendos
744 586 841 628 cavea
854 563 973 629 nidove
986 564 1125 630 curabis.

87 675 89 679 ·
103 654 192 719 Vale.

299 853 301 858 ’
356 873 386 926 ο.
402 873 549 926 unimus
569 875 740 926 turnaco
761 876 829 927 suo
850 876 875 926 s.

69 1012 82 1056 1
156 993 248 1056 ⁴Diui
275 992 314 1058 de
342 993 481 1078 quodam
510 997 638 1058 oratore
666 994 786 1059 saeculi
812 994 916 1083 nostri
943 996 1031 1058 recto
1057 994 1127 1076 qui·

104 1083 175 1146 dem
200 1085 232 1146 et
255 1104 348 1166 sano,
371 1082 427 1148 sed
450 1105 565 1166 parum
589 1082 704 1169 grandi
728 1087 760 1147 et
783 1086 913 1166 ornato,
940 1086 977 1145 ut
1000 1082 1127 1166 opinor,

67 1189 83 1234 2
103 1177 189 1256 apte:
209 1171 317 1237 ‘Nihil
330 1176 454 1256 peccat,
473 1172 538 1237 nisi
552 1172 639 1256 quod
657 1172 740 1236 nihil
757 1171 890 1256 peccat?
918 1170 1023 1236 Debet
1039 1172 1126 1236 euim

104 1266 213 1326 orator
231 1262 325 1347 erigi,
344 1263 463 1345 attolli,
482 1262 644 1326 interdum
664 1261 761 1326 etiam
780 1261 999 1344 effervescere,
1018 1261 1126 1325 efferri
1146 1283 1171 1322 ιο

103 1373 140 1415 ac
168 1373 262 1434 saepe
291 1351 441 1416 accedere
469 1351 509 1415 ad
537 1372 703 1435 praeceps3
731 1372 807 1415 nam
834 1350 1026 1433 plerumque
1049 1350 1125 1415 altis

103 1445 135 1504 et
149 1441 283 1505 excelsis
303 1439 450 1506 adiacent
469 1439 615 1525 abrupta.
652 1439 768 1504 Tutius
786 1461 845 1523 per
863 1439 973 1523 plana,
997 1439 1052 1504 scd
1068 1440 1126 1503 hu·

103 1529 211 1593 milius
230 1533 262 1592 et
286 1530 466 1612 depressius
490 1530 564 1614 iter3
587 1529 788 1612 frequentior
806 1529 1008 1594 currentibus
1028 1550 1125 1611 quam

101 1617 304 1700 reptantibus
327 1619 451 1701 lapsus,
478 1618 535 1683 sed
557 1618 608 1682 his
631 1640 698 1682 non
720 1617 905 1683 labentibus
928 1617 1043 1701 nulla,
1059 1617 1125 1681 illis

68 1723 168 1771 anon
181 1727 184 1731 ’
197 1706 287 1771 nulla
316 1708 399 1788 laus,
430 1708 557 1773 etiamsi
585 1707 744 1772 labantur.
789 1706 875 1772 Nam
905 1709 942 1770 ut
970 1706 1126 1790 quasdam
1145 1727 1171 1767 ιι

102 1799 187 1859 artes
209 1796 255 1859 ita
278 1798 496 1879 eloquentiam
518 1797 603 1861 nihil
625 1797 728 1882 magis
748 1819 844 1880 quam
863 1795 1016 1881 ancipitia
1039 1817 1126 1860 com-

103 1886 261 1949 mendant.
313 1885 425 1969 Vides,
455 1886 510 1968 qui
533 1908 591 1970 per
616 1885 728 1950 funem
754 1886 789 1949 in
817 1907 942 1949 summa
968 1886 1125 1969 nituntur,

102 1979 240 2057 quantos
274 1976 398 2039 soleant
430 1975 568 2039 excitare
598 1975 767 2057 clamores,
799 1996 872 2039 cum
902 1975 966 2040 iam
996 1974 1125 2058 iamque

66 2065 207 2128 ecasuri
234 2063 392 2129 videntur.
448 2063 531 2128 Sunt
561 2064 646 2128 enim
674 2064 812 2128 maxime
840 2064 1013 2147 mirabilia,
1042 2084 1125 2146 quac

102 2155 240 2217 maxime
270 2155 487 2239 inexpectata,
509 2154 648 2227 maxime
670 2153 865 2237 periculosa,
888 2157 988 2237 utque
1012 2150 1125 2218 Graeci
1145 2174 1171 2214 ιο

102 2244 205 2327 magis
229 2245 426 2327 exprimunt,
448 2242 630 2328 παράβολα.
662 2241 739 2307 ldeo
763 2263 967 2325 nequaquam
990 2264 1049 2326 par
1068 2264 1126 2327 gu·

102 2332 282 2396 bernatoris
305 2337 353 2397 est
371 2334 487 2414 virtus,
507 2353 579 2397 cum
597 2332 724 2416 placido
749 2336 873 2398 etcum
896 2332 1024 2396 turbato
1044 2331 1126 2395 mari

103 2420 243 2484 vehitur:
280 2425 358 2485 tunc
395 2423 573 2487 admirante
604 2423 695 2486 nullo
732 2422 930 2504 inlaudatus,
966 2420 1125 2506 inglorius

103 2508 190 2574 subit
212 2515 357 2594 portum;
380 2516 427 2594 at,
450 2533 523 2576 cum
547 2510 689 2576 stridunt
710 2511 817 2594 funes,
848 2513 1000 2576 curvatur
1022 2509 1126 2591 arbor,

104 2599 320 2684 gubernacula
352 2605 500 2685 gemunt,
532 2604 610 2665 tunc
642 2601 697 2665 ille
735 2601 839 2664 clarus
873 2603 905 2663 et
941 2599 989 2663 dis
1027 2600 1125 2664 maris
1145 2620 1171 2660 as

68 2705 83 2752 ο
102 2688 276 2771 proximus.
302 2687 368 2752 Cur
381 2691 484 2755 haec?
512 2688 594 2766 Quia
608 2689 695 2754 visus
711 2711 744 2753 es
758 2689 838 2767 mihi
852 2688 1030 2771 inscriptis
1044 2689 1125 2753 meis

102 2779 272 2842 adnotasse
296 2780 451 2860 quaedam
475 2783 512 2843 ut
535 2779 672 2862 tumida,
700 2801 781 2862 quae
809 2798 869 2863 ego
900 2777 1064 2861 sublimia,
1088 2782 1125 2842 ut

102 2868 262 2951 improba,
287 2889 368 2950 quae
387 2889 447 2953 ego
467 2867 631 2950 audentia,
653 2872 690 2932 ut
712 2866 824 2950 nimia,
849 2889 931 2950 quac
949 2888 1009 2952 ego
1029 2868 1126 2951 plena

87 2957 286 3021 arbitrabar.
319 2955 499 3021 Plurimum
523 2960 630 3021 autem
653 2956 764 3039 refert,
788 2956 1049 3040 reprehendenda
1072 2956 1125 3020 ad-

68 3050 194 3109 onotes
219 3069 260 3111 an
283 3047 430 3132 insignia.
473 3045 585 3111 Omnis
610 3047 696 3110 enirn
720 3045 870 3128 advertit,
894 3045 981 3128 quod
1005 3045 1125 3111 eminet
1145 3066 1171 3106 ao

103 3138 134 3197 st
162 3139 262 3219 extat3
290 3135 347 3199 sed
374 3136 439 3200 acri
469 3136 647 3200 intentione
670 3133 910 3199 diiudicandum
934 3139 995 3218 est,
1023 3135 1125 3199 inmo-

77 3222 210 3287 dicum
244 3226 286 3289 sit
272 3229 355 3289 tan
384 3224 517 3310 grande,
547 3226 648 3289 altum
677 3247 718 3289 an
746 3245 883 3288 enorme.
939 3223 1125 3307 Atque,ut

176 3403 290 3525 rtprias
308 3404 337 3455 et
355 3418 405 3456 om.
422 3403 464 3454 M.
574 3405 608 3454 20
627 3400 833 3470 inspectataa,
852 3400 960 3468 expect
976 3398 1091 3468 Dpr,
1083 3416 1125 3452 ιιι-

102 3474 247 3537 expects
267 3473 314 3539 (ef.
267 3476 361 3541 (p
380 3477 444 3539 223,
458 3477 523 3541 22),
542 3472 688 3541 insperata
707 3474 751 3540 M,
770 3473 842 3542 culp
934 3475 968 3524 28
987 3469 1126 3539 inglorius

82 3540 204 3605 Bm
229 3544 300 3610 Otto
316 3546 419 3602 Muell.
419 3544 617 3632 ,ingloriosus
633 3545 677 3612 M,
692 3545 730 3601 K.
745 3544 828 3613 (disp
842 3544 947 3660 1122).
1027 3547 1061 3617 26
1077 3559 1127 3596 οιιι

66 3619 119 3656 (Μ
136 3613 185 3675 M
202 3614 248 3668 K
255 3617 286 3669 I
298 3617 394 3688 (Haec
414 3620 488 3691 qiiia
506 3621 589 3692 cett..)
