2400 3862
138 204 204 274 310
456 201 483 260 o.
503 203 600 262 Panu
619 203 666 261 as
685 203 838 261 nuaram

489 374 608 436 xovrr.
633 373 795 453 [novur]

480 486 662 537 TRAIANUS
680 486 815 537 PLINIO.

102 600 116 650 1
203 586 337 670 Aotum,
361 608 456 671 quem
481 585 633 671 debuisti,
655 585 699 651 mi
723 584 881 671 Secunde,
903 587 938 652 in
957 586 1160 654 excutiendis

136 677 240 742 causis
264 698 388 762 eorum,
412 675 468 761 qui
492 674 665 741 Christiani
689 674 728 740 ad
756 680 788 741 te
816 676 912 741 delati
939 675 1085 762 fuerant,
1112 699 1160 744 se

136 770 229 831 outus
249 786 290 830 es.
316 765 431 850 Neque
450 766 535 831 enim
553 766 588 830 in
606 765 791 831 universum
810 765 942 850 aliquid,
961 766 1048 850 quod
1065 768 1188 853 quasis

100 859 256 921 aoertam
279 855 416 920 formam
439 855 569 940 habeat,
592 855 745 921 constitui
773 859 888 940 potest.
937 853 1161 940 Conquirendi

134 966 201 1010 non
224 948 314 1029 sunt3
337 945 362 1010 si
392 945 577 1011 deferantur
606 948 638 1010 et
667 949 856 1032 arguantur,
885 945 1041 1030 puniendi
1071 951 1159 1032 sunt,

135 1035 180 1100 ita
202 1038 323 1119 tamen,
346 1038 396 1119 ut,
420 1034 477 1119 qui
499 1035 665 1120 negaverit
682 1056 716 1101 se
735 1033 952 1101 Christianum
970 1056 1039 1100 esse
1058 1035 1159 1121 idque

134 1147 168 1190 re
201 1125 271 1210 ipsa
303 1125 508 1190 manifestum
545 1123 670 1209 feeerit,
706 1124 738 1189 id
771 1127 820 1190 est
855 1124 1067 1210 supplicando
1107 1127 1158 1192 dis

133 1215 265 1294 nostris,
290 1215 435 1299 quamvis
459 1218 626 1298 suspectus
654 1215 688 1278 in
710 1214 933 1300 praeteritum,
959 1214 1088 1281 veniam
1116 1238 1158 1282 ex
1174 1233 1195 1274 1⁰

133 1305 331 1388 paenitentia
348 1304 506 1389 impetret.
536 1301 612 1370 Sine
631 1306 761 1369 auotore
779 1326 855 1369 vero
874 1304 1034 1388 propositi
1051 1305 1157 1371 libelli

132 1395 168 1459 ise
190 1395 281 1459 nullo
299 1392 431 1459 erimine
449 1395 557 1458 loeum
571 1394 688 1459 habere
707 1394 829 1460 debent.
866 1392 952 1458 Nam
971 1397 1004 1458 et
1021 1395 1157 1480 pessimi

133 1484 271 1569 exempli
294 1505 354 1549 neo
376 1484 479 1550 nostri
502 1483 622 1549 saeculi
644 1486 764 1625 ests

497 1649 632 1710 romu.
657 1646 787 1727 [rora]

326 1760 356 1811 0.
371 1761 519 1812 PLINIUS
539 1759 699 1811 TRAIANO
719 1758 974 1810 IMPERATORL
1172 1770 1193 1812 lt

99 1874 113 1924 1
200 1860 479 1929 Amastrianorum
494 1859 619 1943 civitas,
640 1859 782 1942 domine,
803 1862 835 1923 et
849 1858 977 1944 elegans
992 1863 1025 1924 et
1039 1867 1156 1928 ornata

132 1948 231 2016 habet
253 1951 337 2016 inter
359 1951 532 2037 praecipua
560 1970 657 2034 opera
679 1948 927 2032 pulcherrimam
955 1948 1155 2037 eandemque

131 2040 353 2127 longissimam
377 2041 529 2126 plateam3
553 2040 643 2104 ouius
668 2038 803 2103 alatere
822 2060 879 2120 per
897 2039 1037 2122 spatium
1057 2062 1154 2107 omne

131 2131 310 2217 porrigitur
332 2131 462 2196 nomine
486 2129 615 2215 quidem
639 2127 774 2211 fiumen,
798 2150 832 2193 re
855 2150 931 2193 vera
953 2129 1064 2194 eloaoa
1087 2132 1154 2197 foe·

132 2220 264 2285 dissime
302 2242 339 2286 ae
380 2220 463 2285 siout
503 2219 607 2304 turpis
649 2216 895 2282 inmundissimo
936 2222 1070 2303 aspeotu
1107 2222 1154 2286 ita
1170 2235 1193 2278 u

96 2323 111 2370 2
130 2310 283 2395 pestilens
304 2310 400 2374 odore
419 2308 611 2374 taeterrimo.
635 2305 758 2384 Quibus
778 2329 818 2371 ex
836 2306 940 2372 causis
958 2329 1024 2372 non
1043 2309 1153 2377 minus

131 2399 328 2464 salubritatis
357 2420 454 2483 quam
485 2398 608 2463 deooris
636 2397 770 2462 interest
798 2419 868 2462 eam
891 2397 1032 2483 contegi3
1064 2399 1153 2483 quod

130 2490 200 2575 fiet,
233 2489 260 2554 si
290 2489 486 2573 permiseris,
518 2486 702 2554 curantibus
732 2487 838 2570 nobis,
866 2509 906 2551 ne
934 2485 1017 2552 desit
1042 2508 1154 2572 usque-

131 2601 258 2664 quaque
281 2580 418 2662 peounia
441 2578 530 2665 operi
553 2581 619 2643 tam
642 2598 760 2664 magno
785 2598 880 2661 quam
903 2577 1093 2643 necessario.

545 2744 647 2804 xerx.
675 2741 734 2821 [o]
1170 2755 1195 2798 a

471 2854 652 2906 TRAIANUS
672 2853 808 2904 PLINIO.

125 2996 127 3007 ·
198 2954 344 3020 Rationis
368 2963 428 3039 est,
452 2956 497 3019 mi
513 2953 657 3019 Secunde
681 2954 857 3039 carissime,
880 2953 1009 3040 contegi
1032 2975 1152 3038 aquam

119 3044 238 3130 istam,
267 3067 347 3131 quae
370 3067 428 3129 per
450 3044 613 3111 civitatem
636 3043 914 3110 Amastrianorum
938 3044 1023 3125 fluit,
1051 3045 1079 3108 si
1103 3045 1152 3110 in·

130 3138 215 3200 teate
244 3135 426 3201 salubritati
455 3134 553 3200 obest.
599 3133 740 3198 Peeunia
769 3156 809 3198 ne
837 3134 913 3199 huie
941 3133 1031 3218 operi
1058 3132 1152 3220 desit,

131 3229 314 3291 curaturum
334 3229 366 3290 te
380 3224 556 3290 seeundum
575 3223 776 3309 diligentiam
795 3227 884 3288 tuam
898 3228 1021 3288 eertum
1035 3221 1151 3289 habeo.
1170 3241 1194 3282 so

130 3335 343 3342 ——...-.-.—.

202 3407 236 3454 10
249 3404 339 3471 praet.
350 3401 446 3469 fuerit,
457 3417 518 3455 ven.
529 3418 554 3455 a.
612 3407 645 3455 12
660 3399 688 3454 iu
704 3400 768 3454 add.
781 3399 884 3470 Gierip.
940 3397 992 3452 23⁸
1002 3397 1151 3474 (usque)

125 3489 242 3540 quaque
256 3491 304 3544 epo
314 3475 395 3546 [uide
414 3475 452 3528 ad
469 3474 545 3528 Tras‘.
560 3477 595 3528 18
611 3476 681 3541 (29),
695 3475 712 3527 3
718 3492 728 3538 ;
742 3476 778 3526 24
793 3476 853 3540 (35)
859 3493 870 3538 ;
883 3476 919 3527 38
933 3474 1011 3539 (47),·
1024 3475 1060 3527 43
1075 3475 1152 3542 (52);

109 3545 151 3626 esf
162 3561 203 3611 ep.
220 3548 285 3616 IV,
301 3553 337 3617 5,·
360 3549 478 3618 V1112,
493 3549 525 3618 5;
544 3550 636 3617 20,2;
654 3546 835 3612 V1116‚12;
855 3545 902 3598 IX
913 3545 958 3610 30,
973 3542 1017 3613 4J,
1036 3559 1152 3615 quoque

93 3612 253 3682 dematur
270 3628 302 3678 et
320 3621 463 3697 Gserr'qio,
486 3624 504 3700 †
524 3622 593 3681 add.
609 3619 714 3679 Musti,
