2400 3862
116 193 183 258 262
431 188 460 245 O.
478 188 578 243 PLINI
595 188 706 244 EPIST.
724 188 762 242 IX
780 194 824 244 40.

595 359 657 418 XL.

390 484 423 536 C.
436 485 584 536 PLINIUS
603 484 722 536 Fusco
743 485 812 536 SUO
833 486 861 536 S.

81 623 94 669 1
184 600 305 667 Scribis
327 606 493 687 pergratus
521 601 582 667 tibi
609 602 710 668 fuisse
737 602 861 667 litteras
890 624 990 685 meas,
1021 603 1139 685 quibus

117 692 313 777 cognovisti,
340 713 436 774 quem
461 692 500 755 ad
528 691 661 756 modum
690 692 724 755 in
747 691 860 757 Tuscis
881 692 984 756 otium
1008 693 1139 756 aestatis

116 782 285 866 exigerem.
321 779 487 863 Requiris,
510 780 588 863 quid
612 803 653 844 ex
670 781 732 845 hoe
755 781 790 844 in
813 780 1010 845 Laurentino
1033 780 1171 844 hiemes

81 873 304 953 rpermutem.
353 868 463 954 Nihil,
489 870 553 935 nisi
584 869 670 952 quod
697 870 893 935 meridianus
922 892 1054 934 somnus
1087 893 1140 933 ex-

116 960 241 1042 imitur,
271 959 474 1041 multumque
497 958 536 1023 de
563 964 659 1024 noete
686 961 739 1024 vel
766 963 840 1023 ante
867 960 920 1023 vel
949 963 1024 1042 post
1054 958 1140 1022 diem

116 1049 267 1130 sumitur,
290 1051 336 1131 et,
359 1049 387 1113 si
410 1047 527 1134 agendi
549 1047 724 1114 necessitas
748 1048 861 1132 instet,
885 1070 965 1131 quae
988 1047 1139 1131 frequens

115 1138 235 1220 hieme,
261 1158 329 1201 non
351 1138 415 1201 iem
445 1137 599 1202 oomoedo
623 1139 675 1202 vel
696 1138 829 1221 lyristae
857 1141 932 1221 post
958 1159 1069 1202 oenum
1092 1138 1139 1201 lo-

116 1247 186 1309 eus,
210 1227 264 1291 sed
288 1225 358 1308 iile,
382 1247 463 1310 quae
486 1227 621 1309 dictavi,
648 1225 824 1291 identidem
846 1230 1078 1308 retractentur,
1102 1248 1139 1290 eo
1160 1247 1186 1285 1o

80 1334 95 1381 3
116 1316 213 1380 simul
227 1317 401 1380 memoriae
414 1315 576 1399 frequenti
591 1315 814 1381 emendatione
828 1315 1005 1399 proficitur.
1029 1313 1139 1379 Habes

115 1409 250 1487 aestate,
278 1405 384 1470 hieme
407 1403 692 1488 'eonsuetudinem3
721 1426 809 1469 nuno
840 1405 938 1469 addas
969 1405 1033 1469 hue
1061 1405 1140 1469 lieet

115 1517 171 1559 ver
208 1497 239 1557 et
276 1497 482 1577 autumnum,
518 1517 600 1578 quae
632 1495 716 1558 iuter
747 1495 886 1558 hiemem
919 1497 1139 1576 aestatemque

115 1582 234 1665 medie,
270 1586 308 1646 ut
336 1583 420 1647 nihil
448 1584 486 1647 de
510 1585 560 1648 die
583 1583 734 1667 perdant,
771 1583 810 1648 de
841 1587 936 1648 noete
966 1584 1139 1667 parvulum

116 1671 299 1754 adquirunt.
345 1670 434 1736 Vale.
1160 1693 1186 1732 15

189 1853 221 1900 11
241 1845 413 1916 prospicitur
432 1849 594 1902 Mommsen.
670 1855 702 1902 12
723 1848 955 1902 consuetudinem
969 1848 1056 1914 codd,
1070 1849 1142 1915 edd,

117 1921 281 1973 consuetum
300 1918 427 1972 ordinem
446 1918 462 1972 ,2
480 1919 579 1973 Mureti.
594 1920 655 1974 ooli.
666 1936 695 1988 p.
712 1923 778 1986 259,
791 1923 835 1974 28.
851 1950 884 1959 -—
900 1936 956 1973 non
975 1919 1066 1972 addes
1084 1919 1142 1973 huo

117 1992 147 2045 D
150 2003 258 2060 pras,
272 2006 347 2043 nune
361 1990 425 2044 uh.
435 1991 473 2043 K.
484 1992 506 2044 I
515 1992 563 2057 (of.
573 2007 694 2059 sweep.
705 1995 767 2057 182,
777 1994 816 2058 5),
831 1991 920 2044 oddus
930 1990 985 2043 huo
1000 1991 1062 2060 (del.
1072 1996 1141 2060 non)

117 2065 308 2117 econteotwra
330 2062 421 2116 Leotii
444 2061 599 2116 anaobou.
617 2069 644 2116 et
666 2079 699 2116 ex
722 2063 914 2117 ‘membranis'
939 2064 998 2116 suis
1024 2063 1142 2116 Medius

121 2139 233 2189 novant.
248 2135 305 2188 leot.
320 2139 357 2188 12
373 2133 455 2188 Grut,
470 2133 552 2202 lamp.
568 2133 593 2186 V
600 2150 630 2202 p.
641 2137 685 2201 40,
702 2134 809 2200 Oeten„
829 2135 865 2188 K.
877 2136 922 2200 ΙΙ,
940 2132 1058 2202 colligas
1073 2133 1142 2187 hino

119 2207 255 2272 Monimo,
274 2207 292 2275 †
311 2205 376 2259 add.
391 2204 490 2258 Muell.
