2386 3840
109 141 177 208 354
544 138 572 194 e.
592 138 690 192 111111

52 299 94 370 41
174 301 283 386 Feres,
307 301 435 387 Caesar,
458 324 567 368 curam
591 306 623 367 et
646 301 913 371 sollicitudinem
939 309 1117 374 consularem

105 391 188 457 Nam
223 392 302 456 mihi
331 393 488 478 cogitanti
518 392 654 457 eundem
682 397 714 458 te
741 394 954 462 collationes
985 399 1120 477 remisisse

106 481 294 547 donativum
324 482 512 565 reddidisse,
541 482 740 568 congiarium
772 482 966 571 obtulisse,
997 489 1121 555 delatore

106 571 265 657 abegisse,
292 571 464 658 vectigalia
491 576 700 656 temperasse,
726 571 1000 660 interrogandus
1029 577 1124 657 1111111

106 663 225 728 satisne
249 661 484 744 computaveris
508 661 634 746 imperii
656 661 787 727 reditus.
835 661 899 728 An
929 670 1048 733 tantas
1070 668 1124 732 viru

105 752 203 816 habet
225 750 393 836 frugalitas
416 751 586 835 principis,
609 755 645 815 ut
668 755 719 816 tot
741 751 944 839 impendiis,
967 760 1025 822 tot
1047 777 1126 841 eroga

72 860 87 908 a
107 840 250 906 tionibus
270 841 339 905 sola
357 840 520 905 sufficiat?
564 839 648 905 Nam
669 840 745 924 quid
765 844 814 905 est
834 862 987 930 causae,
1007 869 1066 912 cur
1081 847 1127 912 1111

108 930 251 1014 quidem,
274 951 347 993 cum
371 931 479 994 omnia
501 933 651 1014 raperent
674 934 706 994 et
728 933 821 1013 rapta
838 934 1055 1022 retinerent,
1071 936 1128 1002 uti

107 1019 190 1084 nihil
208 1020 399 1103 rapuissent,
417 1020 500 1084 nihil
518 1020 735 1103 retinuissent,
749 1019 921 1087 defuerint
942 1029 1071 1108 omnia,
1083 1026 1129 1106 tibi,

109 1131 182 1175 eum
205 1112 271 1173 tam
295 1109 397 1174 multa
419 1109 566 1195 largiaris
590 1113 622 1174 et
649 1109 730 1174 nihil
759 1109 908 1195 auferas,
940 1119 983 1180 ut
1014 1118 1045 1182 si
1070 1115 1129 1182 111111

73 1217 88 1266 1
108 1199 255 1285 largiaris
275 1203 307 1263 11
326 1198 450 1263 auferas
469 1199 585 1282 omniu,
604 1198 712 1263 omnia
731 1199 925 1282 supersint?
955 1203 1130 1290 Numquau

108 1289 308 1374 principibus
332 1288 517 1371 defuerunt,
540 1289 595 1371 qui
618 1289 724 1352 fronte
747 1288 832 1353 tristi
856 1292 893 1353 et
919 1297 1024 1378 gravi
1046 1317 1131 1380 super

109 1379 184 1444 cilio
208 1378 402 1443 utilitatibus
426 1376 496 1442 fisci
520 1379 753 1443 contumaciter
771 1377 937 1446 adessent.
990 1384 1041 1450 Et
1065 1387 1131 1450 erant

108 1467 270 1553 principes
294 1467 356 1550 ipsi
379 1488 437 1532 sua
460 1472 575 1552 sponte
599 1466 685 1532 avidi
708 1472 740 1532 et
761 1488 917 1552 rapaces,
938 1476 975 1536 et
1002 1475 1064 1559 qui
1086 1497 1131 1539 ma

110 1558 219 1644 gistris
238 1578 304 1620 non
323 1560 466 1641 egerent,
485 1557 579 1642 plura
597 1561 704 1621 tamen
723 1578 848 1641 semper
867 1580 887 1622 a
906 1563 1015 1629 nobis
1038 1568 1132 1630 contu

110 1669 169 1711 nos
194 1646 381 1711 didicerunt.
429 1645 490 1711 Sed
514 1647 554 1710 ad
577 1650 649 1711 tuas
673 1668 764 1711 aures
790 1668 865 1711 cum
893 1653 1023 1719 ceteris
1050 1653 1132 1720 omni

109 1737 170 1800 bus
200 1739 270 1799 tum
298 1735 350 1799 111
379 1737 517 1800 maxime
545 1737 648 1801 111111
675 1735 919 1802 adulationibus
955 1742 1133 1809 obstruetur

74 1844 90 1892 4
110 1828 159 1890 est
181 1823 294 1888 aditus.
342 1822 445 1889 Silent
468 1847 544 1910 ergo
568 1829 600 1890 et
619 1825 797 1911 quiescunt,
815 1828 855 1908 et,
873 1833 1067 1915 postquam
1084 1854 1134 1898 nor

111 1919 168 1998 est,
191 1915 243 1979 cui
266 1913 445 1997 suadeatur,
469 1916 525 1998 qui
548 1915 715 1998 suadeant,
733 1937 799 1979 non
817 1919 901 1979 sunt.
929 1917 1011 1996 Quo
1032 1922 1135 2002 1111111

110 2008 161 2087 ut,
180 2004 444 2087 cumplurimum
464 2005 525 2069 tibi
542 2027 602 2089 pro
621 2005 698 2086 tuis,
716 2005 789 2088 plus
808 2009 918 2069 tamen
939 2030 1008 2093 pro
1026 2011 1153 2078 nostrin

112 2095 254 2159 moribus
279 2094 457 2159 debeamus.

59 2181 102 2251 42
178 2182 433 2267 Locupletabant
456 2187 489 2249 et
511 2184 625 2249 fiscum
648 2186 681 2247 et
705 2182 861 2248 aerarium
884 2205 956 2249 non
984 2192 1059 2255 tam
1084 2190 1135 2256 Vo-

112 2273 223 2338 coniae
251 2277 283 2337 et
315 2271 415 2337 luliae
447 2275 534 2359 leges
567 2295 663 2356 quam
696 2273 871 2338 maiestatis
905 2274 1083 2362 singulare
1112 2283 1136 2344 et

112 2363 243 2426 unicum
262 2362 382 2426 crimen
401 2384 525 2444 eorum,
545 2363 601 2446 qui
620 2363 751 2427 crimine
769 2367 929 2427 vacarent.
976 2366 1092 2434 Huius
1108 2373 1136 2432 11

113 2455 234 2516 metum
257 2453 385 2534 penitus
413 2453 573 2517 sustulisti
601 2455 771 2516 contentus
801 2453 1051 2543 magnitudine,
1081 2475 1161 2543 quar

112 2542 195 2606 nulli
218 2541 320 2627 magis
344 2546 528 2624 caruerunt,
551 2564 646 2625 quam
671 2542 727 2625 qui
750 2541 810 2606 sibi
839 2541 1051 2612 maiestatem
1075 2549 1137 2612 vin-

78 2649 93 2696 1
113 2631 270 2696 dicabant.
316 2630 454 2695 Reddita
472 2635 521 2696 est
539 2631 649 2696 amicis
667 2631 760 2714 fides,
777 2630 887 2695 liberis
907 2632 1036 2720 pietas,
1056 2638 1138 2704 obse

115 2721 226 2803 quium
250 2720 362 2785 servis:
392 2725 542 2785 1111111111
568 2725 602 2785 11
627 2725 742 2805 parent
769 2724 801 2784 et
829 2721 978 2786 dominos
1010 2727 1137 2793 habent

78 2809 190 2875 3Non
217 2811 302 2874 enim
330 2809 394 2873 iam
422 2811 505 2873 servi
534 2811 637 2875 nostri
663 2809 818 2894 principis
849 2810 960 2894 amici,
991 2816 1055 2880 sed
1084 2838 1138 2881 nos

115 2921 241 2982 sumus,
263 2921 322 2964 nec
344 2903 435 2983 pater
457 2899 579 2982 patriae
599 2900 710 2965 alienis
734 2921 767 2964 se
787 2898 955 2983 mancipiis
979 2906 1168 2971 carioremr

115 3011 211 3072 quam
235 2988 357 3053 civibus
377 2988 442 3053 suis
462 2988 569 3053 credit.
616 2988 733 3054 Omnes
753 2992 937 3054 accusatore
958 2991 1139 3062 domestico

114 3078 258 3142 liberasti
291 3099 419 3160 unoque
450 3078 561 3142 salutis
591 3079 740 3162 publicae
770 3080 863 3165 signo
893 3079 991 3164 illud,
1023 3089 1065 3150 ut
1098 3086 1140 3151 sic

117 3167 266 3250 dixerim,
289 3168 403 3232 servile
426 3167 547 3231 bellum
571 3168 737 3233 sustulisti.
783 3168 822 3233 In
845 3190 909 3251 quo
936 3191 1007 3234 non
1033 3175 1140 3240 minus

189 3396 286 3449 anihil
295 3397 477 3452 retinuissent
486 3398 522 3462 A,
533 3397 637 3463 Livio,
647 3398 729 3464 Suet,
744 3400 853 3463 Maeli,
863 3415 913 3452 1111.
924 3401 1000 3468 vulp.
1062 3411 1097 3459 10
1111 3407 1142 3460 ut

116 3469 140 3522 si
153 3468 211 3523 nih.
222 3467 292 3540 larg.
304 3472 333 3525 et
347 3469 403 3526 auf.
420 3470 481 3526 AB
493 3469 530 3523 B'
543 3469 578 3535 V,
593 3470 708 3533 Buebr,
720 3485 774 3520 ora.
787 3469 868 3528 GW,
883 3469 925 3516 K.
994 3477 1035 3518 11
1052 3478 1148 3526 ome

105 3544 209 3615 duple.
224 3542 365 3603 Scbwors.
444 3550 477 3600 31
500 3542 624 3598 domest.
638 3553 737 3592 aecus.
752 3537 918 3594 Boreaeque
934 3533 1046 3590 12119-
