2400 3862
95 206 160 272 276
412 202 440 258 o.
455 203 554 256 PLINI
572 203 619 256 au
639 202 792 256 Tauium

92 333 191 438 modo
215 388 255 430 ne
279 366 357 449 quid
386 365 458 431 ideo
487 370 543 430 aut
566 366 762 430 intribuatur
785 371 840 430 aut
864 365 970 430 minus
994 365 1060 430 illis
1084 367 1122 430 in

94 460 260 540 posterum
282 457 340 520 fiat
363 456 403 519 ad
426 456 620 521 necessarias
645 455 855 540 erogationes.

516 621 607 678 xxv.
632 614 695 700 [n]

291 747 321 797 C.
337 747 485 798 PLINIUS
505 748 666 798 TRAIANO
685 748 923 799 IMPERATORI.

165 846 329 913 Servilius.
352 846 479 912 Pudens
511 849 651 933 legatus,
685 848 828 931 domine,
860 846 940 912 VIII
968 813 1031 912 kei.
1057 847 1155 912 De=s

97 937 239 1002 cembres
253 936 478 1002 Nicomediam
500 937 590 1001 venit
612 959 727 1020 meque
746 938 862 1023 longae
886 937 1123 1021 expectationis

96 1026 315 1125 sollicitudine
338 1027 494 1091 liberavit.

500 1176 607 1233 xxvi.
634 1172 712 1251 [m]
751 1239 752 1242 Ν
819 1193 820 1199 ¹

292 1304 323 1353 c.
339 1301 487 1352 omarus
507 1283 668 1353 TRAIANO
688 1300 926 1352 munausoai.

64 1422 77 1470 1
164 1404 343 1470 Rosianum
358 1401 542 1485 Geminum,
566 1401 709 1483 domine,
728 1401 888 1466 artissimo
907 1403 1038 1466 vinculo
1059 1425 1125 1466 me·
1144 1429 1169 1467 ιο

99 1518 172 1561 cum
196 1500 252 1558 tua
270 1494 306 1556 in
324 1514 375 1555 me
392 1492 548 1556 beneficia
566 1491 747 1555 iunxerunt.
794 1489 904 1555 Habui
923 1492 1009 1555 enim
1028 1491 1125 1556 illum

99 1588 301 1667 quaestorem
329 1583 360 1644 in
387 1582 564 1645 consulatu.
611 1581 676 1644 Mei
702 1602 774 1645 sum
802 1580 1126 1646 observantissimum

100 1676 257 1757 expertus.
304 1670 441 1734 Tantam
469 1669 550 1733 mihi
576 1674 652 1753 post
679 1671 883 1735 consulatum
910 1671 1126 1734 reverentiam

100 1765 243 1847 praestat
279 1764 311 1823 et
347 1759 496 1842 publicae
534 1759 780 1823 necessItudinis
817 1760 952 1844 pignera
988 1760 1125 1842 privatis

65 1868 80 1916 a
101 1852 245 1917 cumulat
263 1848 389 1913 officiis.
412 1845 506 1932 Rogo
527 1869 619 1932 ergo,
641 1852 678 1911 ut
696 1847 765 1931 ipse
785 1849 870 1931 apud
888 1852 921 1912 te
939 1870 999 1931 pro
1019 1848 1126 1932 digni·
1146 1873 1169 1912 1⁶

101 1944 166 2005 tate
190 1941 258 2003 eius
286 1937 434 2022 precibus
462 1937 541 2000 meis
568 1937 690 2020 faveas,
723 1938 776 2002 cui
806 1941 850 2020 et,
881 1938 909 2001 si
938 1937 1015 2020 quid
1043 1938 1127 2002 mihi

102 2030 218 2112 credis,
251 2026 485 2111 indulgentiam
508 2029 598 2089 tuam
621 2025 720 2090 dabis.
766 2025 867 2090 Dabit
890 2027 960 2110 ipse
984 2049 1127 2110 operam,

103 2124 139 2184 ut
162 2120 197 2182 in
219 2118 272 2201 iis,
296 2139 378 2200 quae
402 2116 431 2178 ei
454 2116 667 2199 mandaveris,
691 2116 813 2180 maiora
836 2120 1002 2181 mereatur.
1049 2115 1127 2180 Par-

103 2210 222 2274 ciorem
246 2230 295 2271 me
318 2207 352 2270 in
380 2204 540 2270 laudando
564 2205 654 2288 facit,
679 2205 765 2287 quod
789 2215 883 2288 spero
906 2205 967 2269 tibi
991 2209 1023 2269 et
1045 2207 1127 2270 inte-

104 2298 252 2382 gritatem
278 2297 345 2360 eius
370 2299 402 2358 et
429 2294 622 2378 probitatem
651 2297 683 2359 et
711 2294 902 2359 industriam
928 2317 995 2359 non
1019 2296 1127 2359 solum
1145 2317 1171 2356 ao

104 2411 143 2450 ex
167 2388 234 2450 eius
257 2385 447 2466 honoribus,
472 2405 553 2466 quos
572 2385 606 2448 in
629 2384 708 2448 urbe
727 2385 786 2448 sub
807 2385 909 2449 oculis
932 2385 997 2448 tuis
1017 2385 1126 2469 gessit,

69 2490 216 2539 averum
253 2475 349 2537 etiam
382 2496 422 2538 ex
454 2472 643 2538 commilitio
681 2495 749 2538 esse
783 2474 994 2539 notissimam.
1040 2471 1127 2537 Illud

104 2587 218 2646 unum,
250 2564 337 2646 quod
360 2567 493 2646 propter
516 2563 681 2626 caritatem
709 2564 777 2627 eius
805 2564 949 2626 nondum
977 2562 1058 2626 mihi
1080 2564 1128 2625 vi·

106 2657 182 2719 deor
205 2653 282 2716 satis
306 2653 401 2735 plene
420 2653 546 2733 fecisse,
571 2653 668 2716 etiam
687 2655 782 2735 atque
802 2653 899 2716 etiam
917 2651 1001 2716 facio
1020 2655 1127 2735 teque,

106 2746 247 2826 domine,
284 2763 377 2826 rogo,
415 2741 552 2826 gaudere
571 2763 636 2804 ¹me
669 2745 822 2805 exornata
852 2740 1030 2823 quaestoris
1062 2742 1128 2807 mei
1147 2765 1173 2804 aa

107 2833 277 2919 dignitate,
307 2831 340 2893 id
372 2835 420 2894 est
450 2853 508 2913 per
540 2830 632 2894 illum
664 2853 748 2914 moa,
782 2852 876 2913 quam
912 2830 1128 2895 maturissIme

107 2924 195 2987 velis.

459 3015 581 3072 xxvii
610 3011 772 3089 [xxxva]

303 3141 333 3192 Ο.
349 3141 495 3190 PLINIUS
515 3140 675 3191 TRAIANO
695 3141 932 3190 IMPERATORI.

175 3242 348 3325 Maximus,
371 3240 505 3305 libertus
521 3245 552 3304 et
566 3243 756 3325 procurator
769 3244 857 3323 tuus,
878 3241 1020 3324 domine,
1038 3264 1129 3324 prae·
1148 3265 1175 3305 ao

108 3336 157 3395 ter
181 3330 289 3396 decem
312 3330 547 3412 beneficiarios,
579 3351 660 3412 quos
691 3329 853 3415 adsignari
884 3353 902 3393 a
931 3353 982 3395 me
1006 3328 1130 3394 Gemel-

175 3531 212 3577 12
235 3523 400 3596 consulatu,
425 3523 482 3578 mei
506 3539 613 3578 summe
637 3523 695 3578 obs.
715 3541 742 3590 a,
763 3525 800 3578 K.
811 3526 836 3578 I.
941 3530 974 3578 26
997 3539 1060 3577 mea
1084 3524 1130 3591 α’,

84 3609 184 3648 mcum
206 3600 268 3654 Ba.
