2386 3840
106 185 173 250 204
544 180 572 236 0.
592 181 690 236 PLINI

107 345 213 429 inquit
239 345 431 411 ‘iniunctam
460 345 555 410 nobis
583 346 820 411 accusationem
849 345 974 409 executi
1007 367 1131 425 sumus,

106 433 168 499 hae
191 435 340 500 adeamus
364 436 510 499 consules
538 439 763 519 petamusque,
791 457 831 498 ne
858 435 943 498 bona
971 435 1130 517 dissipare

71 523 227 607 asinant,
260 545 397 606 quorum
427 545 495 588 esse
523 524 557 587 in
585 524 732 589 custodia
760 523 899 598 debent'.
947 523 1129 606 Respondi:

106 610 202 677 ‘Cum
239 614 339 677 simus
377 614 524 678 advocati
556 637 575 677 a
607 617 719 678 senatu
752 613 832 694 dati,
873 613 1008 696 dispice,
1049 635 1130 676 num

105 706 250 786 peractas
269 705 363 786 putes
387 707 493 787 partes
516 706 642 766 nostras
662 706 791 766 senatus
810 703 996 786 cognitione
1014 702 1131 764 finita?
1150 727 1163 763 5

105 791 150 856 Et
172 792 240 855 ille:
273 790 351 874 ‘Tu,
382 813 477 875 quem
501 793 605 874 voles,
626 791 687 854 tibi
710 792 884 856 terminum
910 795 1043 872 statues,
1075 794 1129 855 cui

105 881 196 944 nulla
219 901 292 944 cum
315 881 482 964 provincia
508 880 710 944 necessitudo
739 881 802 944 nisi
826 903 865 943 ex
888 880 1044 944 beneficio
1069 883 1129 943 tuo

106 972 139 1033 et
161 969 223 1034 hoc
241 971 375 1053 recenti3
398 971 467 1054 ipse
487 974 519 1034 et
536 973 631 1034 natus
655 970 700 1034 ibi
719 973 752 1033 et
770 973 921 1054 quaestor
946 971 980 1032 in
1003 992 1041 1033 ea
1059 970 1130 1032 fuis

71 1069 87 1117 6
106 1057 191 1122 Tum-
213 1080 287 1144 ego:
317 1057 367 1123 ‘si
391 1060 491 1123 fixum
520 1058 581 1123 tibi
598 1058 685 1122 istud
704 1080 741 1124 ac
765 1058 988 1141 deliberatum,
1012 1080 1131 1140 sequar

71 1157 86 1205 '1
105 1151 152 1230 te,
174 1151 224 1232 ut,
247 1149 275 1213 si
299 1171 363 1232 qua
385 1171 425 1213 ex
442 1148 506 1212 hoc
528 1147 662 1231 invidia,
683 1170 750 1212 non
775 1152 902 1211 tantum
921 1147 997 1211 tua'
1030 1147 1129 1211 Veni·
1151 1172 1172 1207 u

107 1257 178 1300 mus
201 1237 242 1302 ad
265 1238 426 1321 consules3
451 1237 529 1302 dicit
549 1235 697 1318 Senecio,
726 1259 807 1319 quae
834 1259 884 1300 res
905 1236 1040 1318 ferebat,
1072 1239 1130 1300 ali-

107 1347 171 1410 qua
185 1326 354 1412 subiungo.
379 1325 522 1390 Vixdum
537 1327 808 1405 conticueramus,
827 1330 859 1389 et
872 1325 979 1389 Massa
994 1330 1129 1408 questus

107 1413 316 1481 Senecionem
338 1438 405 1480 non
433 1416 582 1481 advocati
609 1416 718 1498 fidem,
746 1415 802 1480 sed
830 1415 953 1479 inimici
976 1416 1129 1478 amarit-

70 1512 87 1560 8
106 1505 213 1568 dinem
236 1506 387 1588 implesse
406 1503 581 1587 impietatis
600 1527 690 1569 reum
712 1505 865 1587 postulat.
911 1503 1037 1567 Horror
1061 1526 1128 1568 om-

106 1593 209 1676 nium3
231 1615 290 1678 ego
305 1597 413 1658 autem
433 1592 586 1658 ‘Vereor'
604 1595 748 1677 inquam,
768 1593 952 1657 ‘clarissimi
969 1595 1129 1675 consules,
1150 1617 1172 1655 15

105 1705 146 1745 ne
169 1681 249 1745 mihi
272 1681 379 1746 Massa
402 1683 530 1747 silentio
554 1704 613 1747 suo
636 1682 942 1766 praevaricationem
966 1681 1130 1763 obiecerit,

107 1769 193 1853 quod
216 1793 282 1834 non
306 1774 338 1835 et
360 1794 411 1835 me
429 1793 519 1835 reum
539 1771 736 1854 postulavit?
777 1769 865 1848 Quae
884 1793 948 1834 vox
966 1774 998 1834 et
1017 1773 1127 1835 statim

71 1868 87 1916 9
107 1863 240 1943 excepta
263 1864 295 1924 et
318 1865 431 1944 postea
453 1860 556 1924 multo
581 1882 727 1924 sermone
751 1861 910 1925 celebrata
933 1863 989 1924 est.
1023 1860 1127 1923 Divus

107 1948 236 2032 quidem
262 1948 371 2014 Nerva
401 1948 490 2035 (nam
520 1950 665 2033 privatus
697 1970 824 2033 quoque
852 1949 1039 2013 attendebat
1066 1949 1126 2031 his,

107 2060 188 2122 quae
210 2042 296 2103 recte
320 2040 354 2102 in
372 2039 503 2122 publico
522 2037 649 2124 fierent)
673 2039 779 2103 missis
798 2038 838 2101 ad
857 2061 908 2102 me
926 2039 1127 2123 gravissimis
1147 2061 1172 2099 ao

105 2128 223 2192 litteris
246 2149 312 2192 non
336 2128 416 2191 mihi
440 2128 559 2210 solum,
581 2128 808 2192 verumetiam
832 2129 960 2193 saeculo
984 2131 1032 2192 est
1056 2150 1127 2211 gra-

106 2217 243 2299 tulatus,
271 2217 323 2281 cui
346 2218 528 2301 exemplum
551 2213 613 2302 (sic
636 2217 722 2281 enim
745 2213 889 2302 scripsit)
918 2217 1021 2281 simile
1045 2218 1126 2280 anti-

55 2313 88 2362 10
108 2306 180 2388 quis
204 2307 400 2391 contigisset
447 2304 552 2389 Haec,
575 2310 750 2388 utcumque
773 2327 806 2370 se
829 2305 963 2389 habent,
989 2306 1126 2387 notiora,

107 2393 257 2477 clariora,
287 2395 409 2459 maiora
431 2399 468 2459 tu
491 2396 605 2478 facies,
637 2416 831 2479 quamquam
860 2416 927 2459 non
950 2396 1059 2481 exigo,
1089 2400 1126 2459 ut

107 2483 240 2548 excedas
271 2487 359 2548 actae
391 2484 437 2548 rei
470 2484 610 2549 modum.
655 2483 740 2549 Nam
773 2506 832 2549 nec
863 2484 999 2551 historia
1032 2484 1125 2548 debet
1146 2506 1171 2547 aa

107 2572 215 2658 egredi
229 2573 410 2656 veritatem,
434 2578 466 2637 et
479 2574 613 2638 honeste
627 2573 721 2639 factis
736 2575 853 2638 veritas
868 2573 997 2638 sufficit.
1035 2573 1125 2637 Vale.

179 2791 194 2838 2
215 2784 347 2853 dissipari
367 2784 476 2852 (discip.
492 2785 532 2854 D)
551 2785 626 2839 codd.
703 2789 735 2838 19
754 2784 811 2837 iam
831 2785 913 2853 Dpr.
