2400 3862
113 196 155 261 74
554 192 583 249 (l.
597 193 694 249 PLlNI

110 357 317 422 varicationis
331 358 464 424 crimine
478 357 664 442 corruisset3
683 357 787 443 pressi
805 361 912 423 tamen
925 357 1058 443 frustra3
1083 381 1135 425 ac-

111 445 192 511 cidit
212 448 297 511 enim
319 470 369 512 res
393 448 555 512 contraria
577 451 609 513 et
637 468 732 532 nova,
760 450 798 512 ut
827 451 1012 514 accusatore
1042 471 1136 533 prae·

58 546 91 596 85
110 536 316 601 varicationis
339 537 489 601 damnato
517 559 572 602 rea
601 537 828 602 absolveretur.
879 537 1027 621 Quaeris,
1054 537 1135 621 quid

109 646 180 709 nos,
203 626 279 689 dum
302 626 381 691 haec
403 626 564 712 aguntur?
609 624 825 691 Indicavimus
844 627 970 691 senatui
992 648 1032 692 ex
1049 625 1136 692 Nor·

110 715 195 779 bano
219 714 367 780 didicisse
388 736 449 780 nos
472 715 637 800 publicam
656 736 786 780 causam
814 737 990 800 rursusque
1017 715 1167 781 deberes

111 826 151 868 ex
187 804 313 890 integro
350 804 484 888 discere,
521 804 549 869 si
580 805 636 869 ille
667 804 905 889 praevaricator
932 804 1136 890 probaretur,

111 897 207 976 atque
230 893 286 977 ita,
308 893 385 958 dum
411 895 467 959 ille
500 894 666 979 peragitur
696 913 783 978 reus,
814 893 962 959 sedimus.
1015 893 1136 960 Postea

110 981 283 1047 Norbanus
307 983 456 1048 omnibus
480 982 593 1048 diebus
611 982 807 1068 cognitionis
826 983 973 1048 interfuit
986 982 1136 1049 eandem·

111 1093 173 1154 que
195 1092 298 1154 usque
321 1071 362 1136 ad
385 1076 563 1137 extremum
585 1072 638 1137 vel
656 1071 870 1137 constantiam
892 1074 944 1137 vel
966 1072 1135 1138 audaciam

135 1160 253 1224 ertulit.
1153 1182 1178 1224 ro

59 1181 133 1310 sep
169 1248 338 1336 interrogo
362 1250 432 1334 ipse
460 1272 524 1334 me,
548 1272 590 1315 an
617 1249 739 1333 aliquid
767 1250 929 1316 omiserim
952 1272 1075 1334 rursus,
1102 1255 1136 1315 et

110 1360 221 1404 rursus
245 1362 346 1424 paene
370 1339 473 1404 omisi.
519 1337 652 1405 Summo
676 1339 727 1404 die
751 1337 878 1405 Salvius
902 1340 1059 1405 Liberalis
1087 1363 1136 1405 re-

110 1428 217 1511 liquos
240 1429 364 1515 legatos
388 1429 529 1515 graviter
552 1428 723 1512 increpuit,
744 1433 910 1512 tamquam
932 1451 999 1494 non
1013 1451 1136 1512 omnes,

112 1539 193 1600 quos
217 1519 400 1582 mandasset
422 1517 602 1602 provincia,
624 1539 697 1582 reos
720 1520 936 1604 peregissent,
957 1521 1069 1602 atque,
1097 1522 1137 1583 ut

111 1609 160 1670 est
183 1605 354 1671 vehemens
378 1609 410 1670 et
433 1607 584 1690 disertus,
607 1606 641 1670 in
669 1606 841 1672 discrimen
868 1608 1010 1672 adduxit.
1056 1607 1136 1672 Pro-
1154 1627 1178 1670 ιι

111 1696 178 1759 texi
200 1696 287 1760 viros
311 1695 452 1779 optimos
480 1695 672 1780 eosdemque
695 1696 910 1782 gratissimos:
938 1697 1018 1761 mihi
1047 1701 1136 1762 certe

112 1784 226 1848 debere
250 1806 284 1849 se
307 1785 507 1868 praedicant,
537 1785 623 1868 quod
651 1785 744 1849 illum
771 1787 935 1851 turbinem
964 1787 1135 1851 evaserint.

59 1883 92 1932 av
111 1873 175 1938 Hic
198 1874 260 1938 erit
282 1874 439 1957 epistulae
461 1874 545 1957 finis,
567 1897 602 1938 re
625 1896 701 1939 vera
718 1874 807 1959 finis;
829 1875 973 1940 litteram
994 1897 1062 1940 non
1081 1877 1137 1941 ad·

112 1962 195 2046 dam,
214 1963 339 2028 etiamsi
354 1963 459 2028 adhuc
472 1963 596 2048 aliquid
609 1964 799 2047 praeterisse
817 1986 868 2029 me
882 1985 1019 2030 sensero.
1043 1964 1136 2030 Vale.

602 2146 638 2204 X.
1155 2164 1178 2206 rr

113 2256 143 2305 Ο.
159 2256 307 2306 PLINIUS
327 2256 522 2307 VESTRICIO
543 2255 749 2306 SPURINNAE
769 2255 839 2306 SUO
859 2257 906 2305 ET
926 2256 1086 2307 COTTIAE
1107 2258 1137 2309 S.

77 2386 91 2434 1
171 2370 397 2456 Composuisse
421 2396 471 2438 me
495 2373 652 2458 quaedam
675 2372 713 2438 de
736 2373 805 2437 filio
836 2377 943 2439 vestro
970 2396 1037 2439 non
1067 2375 1138 2440 dixi

111 2460 217 2544 vobis,
241 2483 314 2526 cum
337 2463 482 2546 proxime
506 2462 591 2548 apud
614 2484 671 2527 vos
701 2462 764 2546 fui,
792 2463 933 2548 primum
966 2463 1042 2546 quia
1068 2486 1138 2530 non

111 2551 183 2616 ideo
208 2551 456 2634 scripseram,u
434 2551 646 2635 utdr'cerem,
673 2552 788 2616 sedt
751 2555 788 2616 ut
818 2568 889 2617 meo
914 2553 1029 2636 amori,
1062 2576 1136 2619 meo

112 2640 217 2705 dolori
240 2640 471 2725 satisfacerem,
494 2641 608 2706 deinde
632 2641 770 2725 quiete,
789 2639 959 2726 Spurinna,
983 2663 1057 2707 cum
1080 2666 1136 2708 au·
1155 2662 1178 2705 ss

112 2730 211 2794 disses
235 2729 385 2794 recitasse
408 2752 472 2813 me,
495 2735 533 2794 ut
556 2730 673 2796 mihi
664 2753 734 2814 ipse
758 2731 865 2794 dixist
842 2734 881 2814 tr,
905 2731 982 2815 quid
1005 2731 1135 2797 recitas·

77 2835 189 2901 asem,
213 2819 309 2883 simul
332 2818 458 2883 audisse
486 2819 660 2884 credebam.
708 2818 877 2885 Praeterea
904 2821 1024 2885 veritus
1053 2843 1137 2906 sum,

111 2930 152 2973 ne
184 2930 241 2972 vos
273 2909 364 2973 festis
397 2907 509 2972 diebus
549 2909 790 2991 confunderem,
824 2910 851 2973 si
880 2909 914 2974 in
947 2911 1136 2976 memoriam

112 2997 294 3082 gravissimi
317 2998 423 3062 luctus
447 2998 654 3062 reduxissem.
691 2997 788 3063 Nunc
816 3020 945 3082 quoqne
968 3000 1136 3085 paulisper

111 3086 280 3170 haesitavi,
302 3087 336 3151 id
354 3088 470 3169 solum,
488 3088 575 3170 quod
592 3087 734 3170 recitavi,
752 3087 913 3152 mitterem
931 3089 1136 3175 exigentibus
1155 3109 1178 3150 ar

111 3175 204 3240 vobis
228 3198 269 3239 an
293 3176 462 3260 adicerem,
482 3199 564 3260 quae
586 3177 621 3240 in
653 3177 740 3240 aliud
764 3178 916 3242 volumen
948 3177 1057 3263 cogito
1088 3202 1136 3244 re·

77 3280 245 3330 aservare
292 3264 406 3349 Neque
430 3266 516 3330 enim
539 3265 717 3330 adfectibus
745 3268 824 3331 meis
853 3289 917 3331 uno
945 3267 1056 3332 libello
1086 3290 1136 3334 ca·

111 3354 272 3463 rissimam
309 3355 458 3419 mihit
427 3359 458 3419 et
490 3355 725 3420 sanctissimam
763 3356 950 3420 memoriam
982 3358 1136 3442 prosequi

105 3593 124 3624 H
173 3512 353 3633 Zemfftom
368 3513 404 3567 F,
477 3517 509 3566 21
526 3511 666 3567 Vestricio
681 3514 783 3568 casoto
797 3514 833 3568 R
903 3519 936 3567 28
956 3513 1071 3582 quidem
1081 3531 1137 3584 pro

84 3578 156 3639 qia
