2400 3862
86 215 150 280 248
524 211 551 268 0.
571 211 670 266 mnu

85 372 178 438 illum
202 376 338 440 alterum
362 375 502 461 effingIt:
526 379 633 458 putes,
657 377 684 440 si
708 375 786 459 quid
804 375 839 439 in
857 375 972 441 studiis
992 395 1107 462 cogna-

86 465 132 527 tio
152 465 250 545 valet,
270 468 302 528 et
320 464 416 528 huius
434 465 662 549 propinquum.
687 463 806 550 Magna
820 465 971 547 varietas,
990 485 1108 550 magna

86 553 262 619 mobilitas:
290 557 378 617 amat
404 554 520 638 utqui
548 554 727 637 verissime,
757 553 845 619 dolet
867 558 904 618 ut
927 554 984 637 qui
1007 553 1107 637 impa-

60 642 290 720 tientissime,
318 643 429 707 laudat
456 646 494 707 ut
522 644 578 726 qui
604 643 847 728 benignissime,
875 642 959 707 ludit
987 648 1025 708 ut
1051 643 1108 725 qui

85 731 292 814 facetissime,
324 732 432 796 omnia
456 732 593 815 denique
617 736 783 815 tamquam
808 732 936 818 singula
959 731 1137 797 absolvite

50 835 65 882 3
86 820 149 884 Pro
173 821 236 885 hoo
260 841 319 905 ego
344 822 462 903 amieo,
484 841 544 906 pro
568 821 631 886 hoc
650 822 781 907 ingenio
801 843 868 885 non
885 821 994 886 minus
1011 842 1108 907 aeger

85 910 193 973 animo
222 931 319 993 quam
350 930 484 994 corpore
511 911 581 993 ille,
608 910 738 975 tandem
766 911 872 990 illum,
895 911 1025 975 tandem
1055 932 1108 975 me

84 999 199 1081 recepi.
246 996 414 1064 Gratulare
437 999 532 1080 mihi,
560 1001 722 1085 gratulare
750 1000 847 1064 etiam
874 1000 990 1064 litteris
1017 999 1108 1083 ipsis,

86 1110 167 1170 quae
187 1111 226 1152 ex
244 1088 388 1172 periculo
408 1089 476 1153 eius
495 1092 622 1154 tantum
638 1088 810 1154 discrimen
828 1089 988 1169 adierunt,
1008 1110 1108 1172 quan·

83 1180 154 1240 tum
180 1200 218 1242 ex
242 1179 344 1242 salute
368 1178 490 1264 gloriae
514 1183 760 1262 consequentur.
808 1177 897 1243 Vale.
1127 1195 1152 1235 1⁰

542 1347 653 1404 XXIII.

349 1471 380 1522 C.
396 1473 543 1523 PLINIUS
562 1472 709 1522 MAXIMO
730 1471 799 1522 SUO
820 1471 847 1521 S.

52 1587 64 1632 1
152 1570 351 1653 Frequenter
370 1572 478 1655 agenti
497 1572 578 1636 mihi
598 1572 719 1653 evenit,
742 1574 779 1635 ut
802 1569 1008 1651 centumviri,
1033 1591 1107 1635 cum

86 1659 141 1722 diu
172 1682 205 1723 se
235 1659 321 1724 intra
351 1660 493 1725 iudicum
523 1661 748 1725 auctoritatem
778 1659 1034 1746 gravitatemque
1062 1664 1108 1724 te·

85 1748 245 1830 00100001,
274 1769 384 1812 omnes
408 1753 539 1833 repente
564 1751 655 1833 quasi
683 1749 762 1814 victi
786 1748 953 1831 coactique
978 1769 1151 1813 consur-1⁶

51 1852 65 1897 ‘2
86 1841 199 1922 gerent
220 1837 466 1921 laudarentque3
488 1839 673 1921 frequenter
697 1861 713 1902 e
737 1841 851 1903 senatu
874 1837 1008 1920 famam,
1031 1859 1108 1922 qua·

85 1929 149 1990 lem
173 1925 311 1991 maxime
335 1930 535 2010 optaveram,
558 1928 683 1992 rettuli:
708 1949 885 2011 numquam
910 1931 1019 1991 tamen
1043 1950 1108 1992 ma·

86 2017 184 2080 iorem
214 2015 285 2099 cepi
308 2017 509 2100 voluptatem
539 2037 634 2099 quam
663 2038 768 2100 nuper
794 2039 834 2083 ex
860 2037 1007 2081 sermone
1032 2014 1107 2081 Ocr-

85 2106 151 2170 0011
166 2105 278 2171 Taciti.
306 2105 468 2171 Narrabat
483 2105 601 2169 sedisse
616 2126 725 2169 secum
740 2105 935 2170 circensibus
950 2106 1108 2189 proximis

87 2196 227 2278 equitem
264 2194 455 2260 Romanum.
510 2193 607 2259 Hunc
646 2198 721 2278 post
757 2195 863 2259 varios
900 2195 1108 2279 eruditosque
1125 2219 1152 2259 ro

86 2307 249 2348 sermones
276 2285 461 2368 requisisse:
491 2283 636 2349 ‘Italicus
660 2306 693 2348 es
717 2307 758 2347 an
784 2283 1031 2367 provincialis?'
1066 2282 1108 2349 Se

51 2388 65 2436 3
85 2374 301 2454 respondisse:
331 2373 442 2439 <Nosti
465 2378 567 2437 meet
590 2375 719 2457 quidem
744 2397 783 2437 ex
802 2373 937 2438 studiis?
974 2373 1026 2437 Ad
1044 2374 1109 2438 hoc

85 2463 191 2526 illum:
216 2461 361 2526 ‘Tacitus
376 2485 409 2526 es
424 2486 465 2526 an
479 2461 641 2527 Plinius?'
678 2463 869 2547 leprImere
884 2484 950 2526 non
964 2483 1108 2545 possum,

87 2573 182 2634 quam
211 2551 254 2615 sit
281 2551 457 2615 iucundum
485 2552 579 2637 mihi,
607 2553 694 2635 quod
717 2552 850 2617 nomina
876 2556 987 2616 nostra
1015 2552 1108 2635 quasi

84 2642 265 2705 litterarum
275 2641 414 2724 propria,
424 2663 490 2705 non
497 2642 676 2727 hominum,
689 2641 808 2706 litteris
818 2640 1005 2721 redduntur,
1020 2641 1108 2724 quod
1127 2663 1152 2703 00

85 2736 219 2814 uterque
248 2733 396 2793 nostrum
425 2730 477 2794 his
506 2731 602 2794 etiam
634 2754 672 2795 ex
703 2730 818 2795 studiis
848 2735 958 2810 notus,
990 2730 1107 2813 quibus

85 2820 179 2884 aliter
201 2821 332 2906 ignotus
356 2823 412 2883 est.

49 2926 65 2970 e
153 2909 281 2974 Accidit
308 2906 396 2971 aliud
424 2911 498 2971 ante
530 2911 685 2991 pauculos
715 2911 782 2973 dies
810 2909 924 2973 simile.
970 2907 1107 2974 Recum-

86 2999 182 3062 bebat
205 3019 330 3063 mecum
349 2997 399 3061 vir
418 2997 580 3082 egregius,
604 2997 723 3064 Fadius
735 2997 893 3082 Rufinus,
917 3019 1014 3081 super
1032 3020 1106 3063 eum

85 3088 250 3170 municeps
265 3087 380 3170 ipsius,
404 3087 460 3168 qui
480 3085 536 3149 illo
556 3086 608 3151 die
622 3088 761 3170 primum
780 3090 911 3151 venerat
930 3087 964 3150 in
978 3087 1106 3172 urbem;
1125 3109 1152 3149 ao

156 3250 172 3297 6
191 3244 244 3298 hoc
258 3245 373 3314 ingenio
387 3245 417 3297 D
421 3260 504 3312 pru,
523 3243 629 3314 Stangl,
648 3245 756 3310 Muell,
775 3244 828 3297 hoo
848 3261 900 3313 ego
914 3245 972 3314 ing.
988 3245 1108 3312 eonius,

85 3316 132 3382 K,
146 3332 197 3383 pro
207 3316 260 3368 hoe
275 3331 365 3384 aequo
376 3314 475 3380 amico,
485 3330 536 3382 pro
547 3314 604 3368 hoo
618 3331 707 3384 aequo
722 3314 836 3385 ingenio
852 3317 895 3369 M.
961 3321 992 3370 17
1009 3319 1107 3385 capta-

84 3403 177 3440 veram
197 3389 240 3442 M.
333 3392 366 3440 19
386 3403 479 3440 seeum
499 3385 563 3440 cire.
582 3404 660 3456 prox.
680 3388 767 3455 equit.
783 3388 863 3442 Rom.
879 3389 995 3456 Dpro,
1014 3387 1107 3455 KH,

84 3459 193 3525 Muetl,
206 3460 303 3525 Mera,
317 3475 346 3512 se
361 3475 425 3511 cum
440 3457 561 3525 quodam
576 3458 641 3512 circ.
656 3475 733 3527 prox.
749 3460 792 3525 M,
804 3460 842 3513 K.
852 3461 877 3512 I.
896 3489 898 3494 ,
933 3464 966 3512 27
982 3457 1065 3513 aliter
1078 3477 1105 3526 a,

72 3529 152 3580 alter
166 3531 299 3597 ΜΒΝ
376 3535 411 3584 29
429 3529 525 3584 ladius
539 3531 583 3599 M,
598 3529 692 3584 fabius
706 3532 736 3584 D
741 3548 793 3600 pr,
812 3529 894 3584 fidius
909 3548 928 3584 a
945 3529 985 3599 (C.
999 3529 1105 3584 Fabius

52 3593 181 3648 Eurinus
197 3599 332 3655 Lucillus
350 3603 371 3657 „9
387 3604 478 3661 Merr.
500 3605 565 3662 coll.
579 3605 660 3662 But.
676 3605 729 3661 Iat.
744 3603 829 3661 Arcu.
845 3606 925 3668 1870,
941 3617 970 3668 p.
983 3605 1039 3668 455.
