2400 3862
119 202 184 268 286
440 199 469 255 C.
488 199 587 255 PLINI
605 199 652 253 ΕΤ
670 198 824 253 TRAIANI

83 364 252 430 carbitrio
286 386 344 430 suo
377 386 445 429 rem
477 364 641 447 publicam
671 362 901 428 administrare.
948 362 1068 449 Exegi,
1097 369 1146 448 ut,

120 475 201 537 quae
220 453 370 519 dicebant
385 474 530 537 quaeque
548 453 738 536 recitabant,
761 452 872 517 libello
893 453 1146 536 complecteren-

118 547 185 627 tur,
209 564 305 626 quem
328 543 403 625 tibi,
426 543 554 626 qualem
578 563 777 626 acceperam,
806 541 894 624 misi,
923 543 1072 625 quamvis
1096 543 1145 608 in-

118 633 304 718 tellegerem
326 632 479 716 pleraque
508 654 547 696 ex
574 633 631 696 illo
661 631 701 695 ad
729 630 779 714 id,
808 631 847 695 de
875 652 940 714 quo
969 632 1147 716 quaeritur,

84 737 186 786 enon
217 721 385 805 pertinere.
432 720 478 785 Te
513 742 607 806 rogo,
644 724 681 784 ut
712 720 793 785 mihi
828 720 952 803 praeire
990 719 1176 805 digneris,s

120 810 198 894 quid
227 832 278 874 me
310 814 403 894 putes
434 810 605 875 observare
637 808 761 874 debere.
816 809 939 874 Vereor
971 811 1072 893 enim,
1104 833 1147 876 ne

119 904 176 964 aut
212 900 384 965 excessisse
421 903 477 963 aut
513 920 580 963 non
615 899 766 982 implesse
803 899 904 964 officii
940 899 1004 963 mei
1033 905 1146 984 partes

119 988 236 1053 videar.

486 1082 623 1141 muru.
653 1080 774 1159 [nvn]

461 1209 643 1260 TRAIANUS
662 1209 799 1260 PLINIO.
1165 1221 1188 1262 ιο

86 1325 99 1372 1
186 1310 330 1375 Libellus
345 1308 605 1396 Apamenorum,¹
614 1331 710 1393 quem
724 1309 881 1394 epistulae
895 1313 970 1374 tuae
984 1309 1145 1395 iunxeras,

119 1400 243 1464 remisit
269 1399 350 1464 mihi
377 1399 600 1464 necessitatem
628 1398 859 1484 perpendendi,
890 1399 998 1482 qualia
1026 1404 1146 1484 essent,

119 1492 252 1573 propter
283 1510 364 1572 quae
395 1488 498 1552 videri
529 1490 644 1554 volunt
676 1509 745 1570 eos,
777 1488 833 1571 qui
862 1509 922 1571 pro
956 1489 1145 1554 consulibus

119 1576 203 1643 hanc
226 1576 426 1662 provinciam
449 1577 673 1660 obtinuerunt,
696 1577 889 1642 abstinuisse
907 1576 1145 1660 inspectatione

119 1667 282 1731 rationum
312 1687 454 1750 suarum,
485 1688 572 1749 cum,
605 1667 676 1749 ipse
705 1670 743 1730 ut
772 1689 824 1731 eas
855 1666 1042 1750 inspiceres,
1077 1689 1145 1732 non
1164 1685 1188 1726 ιε

85 1771 100 1817 2
119 1754 344 1820 recusaverint.
391 1754 636 1820 Remuneranda
659 1759 708 1820 est
730 1755 998 1840 igiturprobitas
1022 1776 1146 1840 eorum,

120 1845 244 1909 utiam
266 1866 352 1909 nunc
376 1844 478 1909 sciant
500 1845 576 1928 hoc,
600 1845 687 1928 quod
709 1844 911 1928 inspecturus
935 1867 981 1928 es,
1010 1867 1049 1909 ex
1072 1868 1147 1910 mea
1192 1867 1195 1871 ’

119 1933 286 1999 voluntate
305 1933 415 2017 salvis,
440 1955 521 2017 quae
539 1934 673 2013 habent,
695 1933 874 2018 privilegiis
890 1955 958 1998 esse
972 1933 1144 1999 facturum.

496 2099 599 2157 xurx.
629 2095 766 2175 [curm]

286 2199 289 2207 ’
316 2227 347 2279 o.
361 2226 508 2276 annuus
528 2225 688 2276 Turrino
708 2225 945 2276 ruerusroer.
1166 2240 1191 2278 20

88 2344 101 2391 1
188 2325 273 2390 Ante
288 2327 461 2391 adventum
475 2347 596 2409 meum,
610 2326 754 2408 domine,
771 2324 1021 2390 Nicomedenses
1041 2325 1145 2409 priori

120 2415 192 2480 foro
207 2438 328 2479 novum
342 2416 466 2481 adicere
481 2419 669 2499 coeperunt,
693 2415 783 2480 cuius
803 2415 837 2479 in
851 2416 971 2500 angulo
986 2419 1036 2479 est
1049 2415 1144 2480 aedes

121 2505 338 2569 vetustissima
367 2504 480 2569 Matris
504 2504 640 2591 Magnae
670 2508 726 2569 aut
754 2504 927 2569 reficienda
956 2508 1012 2569 aut
1040 2508 1145 2568 trans-

120 2594 251 2658 ferenda
275 2595 316 2658 ob
339 2595 402 2659 hoo
429 2595 613 2678 praecipue,
642 2595 729 2678 quod
758 2597 806 2658 est
833 2592 937 2657 multo
962 2592 1145 2677 depressior

85 2701 101 2748 2
121 2706 217 2768 opere
241 2705 293 2766 ec,
317 2684 403 2766 quod
427 2705 500 2748 cum
523 2684 661 2748 maxime
685 2683 797 2768 surgit.
843 2682 915 2767 Ego
944 2704 1018 2747 cum
1048 2704 1144 2766 quae·
1164 2701 1189 2741 ss

120 2795 232 2853 rerem,
254 2794 333 2837 num
348 2776 431 2837 esset
450 2772 559 2855 aliqua
572 2771 625 2837 lex
639 2773 725 2837 dicta
738 2771 869 2854 templo,
889 2772 1029 2856 cognovi
1043 2771 1144 2836 alium

119 2863 188 2945 hic,
211 2862 310 2926 alium
334 2861 419 2944 apud
442 2884 501 2926 nos
525 2884 593 2927 esse
617 2883 739 2925 morem
763 2859 980 2925 dedicationis.
1012 2860 1144 2945 Dispice

121 2972 210 3036 ergo,
234 2951 375 3033 domine,
399 2973 440 3014 an
463 2954 557 3034 putes
581 2952 705 3034 aedem,
729 2951 781 3016 cui
800 2950 891 3012 nulla
909 2950 962 3013 lex
981 2949 1067 3015 dicta
1086 2954 1144 3030 est,

121 3041 210 3104 salva
241 3040 397 3125 religione
428 3060 523 3123 posse
555 3040 736 3123 transferri,
768 3039 890 3121 alioqui
923 3040 1144 3104 commodissi-

121 3151 209 3193 mum
233 3133 294 3207 est,
318 3129 345 3193 si
368 3128 481 3214 religio
505 3150 572 3192 non
596 3128 738 3213 impedit.
1164 3146 1191 3186 ³⁰

194 3310 207 3356 1
228 3302 446 3358 administrandi
464 3303 479 3357 ?
497 3304 588 3358 Wilde
603 3321 635 3373 p.
650 3308 695 3370 61,
716 3304 781 3358 adu.
797 3307 822 3356 6.
909 3310 925 3357 5
945 3303 1055 3372 praeire
1074 3304 1140 3370 Ba,

120 3376 222 3442 Hcrd,
242 3376 405 3444 praecipere
424 3377 461 3442 A,
478 3375 526 3440 K„
543 3377 640 3430 Muelt.
719 3374 770 3429 14·
788 3376 868 3429 celim
887 3375 972 3428 istam
987 3375 1143 3442 probam,

120 3447 156 3513 cf.
174 3447 213 3501 cd
230 3463 261 3515 p.
282 3450 344 3513 102,
365 3451 383 3501 7
408 3454 433 3502 et
455 3463 482 3516 p.
503 3450 569 3512 279,
593 3451 627 3514 3;
649 3450 713 3513 280,
739 3450 773 3512 5,·
794 3450 858 3512 284,
879 3451 913 3501 13
936 3447 983 3512 at,
1011 3446 1058 3500 scd
1081 3446 1144 3500 uide

107 3519 154 3570 ad
161 3520 242 3573 fiae:
258 3522 318 3574 117
329 3521 420 3590 (118).
497 3520 530 3572 lb
549 3517 612 3589 ipse
628 3520 663 3573 ut
680 3519 718 3586 A,
733 3519 781 3585 K,
797 3519 899 3584 Hcrd,
912 3518 1006 3586 ipsum
1025 3519 1055 3570 te
1069 3519 1103 3570 ut
1116 3535 1144 3583 a,

93 3587 126 3637 tu
143 3589 211 3657 ipse
232 3591 393 3659 quominus
411 3593 429 3651 ‚9
446 3593 553 3650 Muell.
575 3610 656 3650 cruce
676 3591 787 3648 additu.
