2400 3862
386 187 642 258 passernices
662 207 772 269 eas-
784 207 827 269 es,
839 218 858 257 1.
1056 203 1123 272 403

105 365 205 431 toline
227 363 386 451 Iuppiter,
409 388 537 450 precor,
559 370 595 431 ut
618 366 782 432 beneficiis
801 365 866 431 tuis
885 366 992 432 faveas
1011 366 1123 431 tantis-

106 476 167 538 que
180 456 366 521 muneribus
381 456 479 522 addae
493 457 749 542 perpetuitatem.
783 454 926 541 Audisti,
942 478 1023 540 quae
1037 456 1121 521 malo
1141 473 1157 522 a

104 545 242 630 principi
276 546 499 631 precabamur,
538 546 668 630 exaudi,
701 569 783 631 quae
813 569 873 631 pro
906 545 1121 611 dissimillimo

105 639 260 720 optamus.
305 634 382 701 Non
400 640 432 701 te
451 635 673 721 distringimus
692 636 790 721 votis;
812 658 879 701 non
898 636 983 701 enim
1002 657 1124 720 pacem,

72 743 169 791 anon
192 725 409 809 concordiam,
440 748 508 792 non
535 725 754 810 securitatem,
782 747 849 791 non
879 748 956 810 opas
984 747 1121 809 oramus,

101 836 168 880 non
190 813 341 880 honores:
371 815 510 899 simplex
537 819 715 899 cunctaque
742 817 805 881 iste
828 817 1032 900 complexum
1056 836 1122 880 om-

101 905 192 970 nium
211 907 322 969 votum
341 908 404 989 est,
426 906 513 969 salus
531 905 695 990 principis.
740 904 811 972 Nec
829 926 905 970 vero
924 927 1042 970 novam
1060 904 1121 969 tibi
1140 921 1156 969 3

101 994 299 1080 iniungimus
318 1015 436 1059 curam.
470 994 519 1059 Tu
538 995 624 1059 enim
643 995 705 1060 iam
725 999 804 1062 tunc
822 995 915 1060 illum
933 995 965 1059 in
986 995 1120 1060 tutelam

101 1083 264 1168 recepisti,
291 1106 364 1150 cum
392 1083 563 1168 praedonis
592 1085 768 1150 avidissimi
790 1085 937 1150 faucibus
961 1084 1121 1168 eripuisti;

57 1199 83 1238 ro
100 1195 204 1256 neque
232 1174 317 1239 enim
346 1175 414 1238 sine
442 1173 562 1238 auxilio
590 1178 662 1256 tuo,
695 1197 766 1240 cum
796 1175 953 1240 altissima
976 1195 1120 1258 quaeque

101 1267 316 1347 quaterentur,
329 1263 393 1346 bic,
411 1264 467 1347 qui
482 1264 631 1329 omnibus
650 1265 806 1329 excelsior
819 1269 897 1347 erat,
910 1264 1120 1329 inconcussus

100 1352 202 1418 stetit:
225 1352 416 1438 praeteritus
436 1357 484 1418 est
503 1375 522 1418 a
540 1354 679 1438 pessimo
699 1354 857 1438 principe,
882 1354 937 1438 qui
953 1352 1120 1436 praeteriri

99 1443 138 1507 ab
163 1442 286 1527 optimo
310 1464 377 1508 non
399 1446 534 1525 poterat.
581 1443 629 1508 Tu
649 1443 736 1508 clara
755 1443 865 1509 iudicii
883 1443 932 1507 tui
951 1443 1043 1528 signa
1061 1442 1118 1506 mi·
1138 1460 1154 1508 4

99 1532 184 1616 sisti,
213 1554 287 1598 cum
311 1533 529 1617 proficiscenti
552 1533 592 1597 ad
615 1533 791 1597 exercitum
813 1537 871 1598 tuo
894 1532 1037 1615 nomine,
1059 1535 1117 1596 tuo

54 1648 79 1688 ιε
98 1622 219 1687 honore
239 1623 372 1688 cessisti.
405 1622 454 1687 Tu
473 1643 551 1687 voce
570 1622 786 1706 imperatoris,
810 1622 888 1707 quid
902 1622 1050 1704 sentires,
1071 1623 1118 1687 lo·

97 1715 190 1777 cutus
214 1712 318 1777 filium
342 1711 399 1793 illi,
423 1711 516 1775 nobis
534 1716 710 1795 parentem,
732 1713 793 1777 tibi
811 1712 998 1796 pontificem
1018 1712 1118 1775 maxi-

97 1823 186 1865 mum
215 1800 350 1886 elegisti
397 1798 468 1877 Quo
500 1800 620 1866 maiore
651 1802 769 1867 fiducia
798 1802 898 1867 isdem
929 1801 994 1864 illis
1024 1801 1152 1882 votie,5

97 1911 178 1972 quae
201 1890 270 1973 ipse
293 1911 352 1974 pro
377 1911 410 1953 se
433 1891 613 1972 nuncupari
637 1892 740 1974 iubet,
768 1913 825 1956 oro
848 1895 881 1955 et
904 1891 1061 1974 obtestor,
1090 1891 1117 1955 si

96 1979 177 2044 bene
213 2002 280 2044 rem
318 1979 494 2063 publicam,
533 1979 560 2045 si
597 2003 636 2044 ex
673 1981 813 2045 utilitate
846 1980 992 2044 omnium
1023 1980 1117 2066 regit,

51 2069 235 2152 septimum
267 2073 305 2133 ut
336 2069 429 2133 illum
461 2069 634 2152 nepotibus
666 2070 785 2135 nostris
818 2091 855 2134 ac
882 2069 1115 2152 pronepotibus

96 2180 215 2243 serves,
246 2158 360 2223 deinde
387 2162 424 2222 ut
453 2159 645 2242 quandoque
678 2180 894 2224 successorem
925 2158 954 2223 ei
984 2157 1116 2244 tribuas,

95 2269 190 2331 quem
219 2248 379 2334 genuerit,
415 2269 511 2331 quem
545 2247 733 2313 formaverit
768 2247 970 2331 similemque
1004 2248 1116 2314 fecerit

94 2338 257 2422 adoptato,
290 2341 358 2418 aut,
392 2339 419 2402 si
450 2337 513 2402 hoc
549 2337 617 2401 fato
650 2341 799 2423 negatur,
835 2337 870 2401 in
902 2338 1038 2403 consilio
1071 2339 1115 2403 sis

94 2427 226 2513 eligenti
249 2430 471 2510 monstresque
494 2426 648 2510 aliquem,
677 2449 771 2512 quem
795 2427 942 2511 adoptari
965 2428 999 2492 in
1023 2425 1115 2513 Capi-

48 2540 74 2580 as
93 2517 173 2581 tolio
203 2518 321 2583 deceat.

160 2605 275 2690 Vobis,
299 2609 406 2691 patres
426 2605 614 2689 conscripti,
635 2609 791 2691 quantum
810 2606 955 2691 debeam,
974 2603 1167 2691 publicistd

93 2695 188 2760 etiam
213 2695 418 2761 monimentis
448 2695 639 2760 continetur.
685 2695 753 2762 Vos
782 2695 864 2759 mihi
886 2696 921 2760 in
947 2695 1114 2760 tribunatu

93 2786 225 2869 quietis,
244 2787 279 2850 in
293 2789 443 2870 praetura
458 2785 646 2868 modestiae,
667 2807 724 2852 voe
739 2785 859 2850 inistis
874 2785 971 2849 etiam
987 2784 1113 2870 officiis,

93 2896 209 2959 quaec
228 2874 343 2941 studiis
364 2875 483 2940 nostris
505 2875 590 2940 circa
609 2875 746 2940 tuendos
768 2874 871 2940 socios
893 2873 1114 2959 iniunxeratis,

163 3109 178 3156 2
197 3104 272 3159 malo
291 3105 416 3175 principi
434 3106 494 3160 edd.
514 3111 581 3171 aret,
601 3105 639 3158 K.
650 3106 676 3172 l,
689 3105 802 3170 Baebr,
817 3103 925 3169 Muell,
946 3103 1021 3159 malo
1035 3106 1112 3174 prin-

91 3175 153 3244 cipe
173 3177 217 3242 M,
240 3193 292 3246 pro
311 3195 348 3231 m.
361 3177 491 3246 principe
510 3194 543 3244 w,
563 3177 601 3231 K.
611 3178 654 3231 11.
764 3180 778 3227 7
798 3189 896 3228 novam
914 3216 919 3228 .
936 3215 943 3229 .
959 3192 1056 3230 curem
1074 3179 1112 3244 A,

92 3248 183 3316 casp,
196 3247 309 3319 Gieeap,
319 3249 427 3316 Mucll,
437 3265 539 3303 novam
550 3249 594 3314 M,
604 3263 677 3302 nova
686 3248 757 3317 vulp.
814 3250 848 3299 1⁸
858 3247 970 3313 poterat
980 3264 1006 3315 ς,
1021 3249 1059 3304 K.
1068 3250 1113 3318 H,

91 3320 202 3386 Baelo,
222 3320 330 3387 Maeli,
348 3321 454 3388 poterit
472 3320 557 3375 B'M
563 3322 601 3375 M
604 3319 621 3385 ¹,
639 3319 733 3389 potuit
746 3318 829 3388 culp,
844 3318 882 3372 K.
893 3319 918 3372 l.
981 3324 1015 3374 24
1033 3336 1111 3375 mon·

91 3392 161 3444 atres
172 3392 210 3447 M
212 3389 219 3418 '
228 3391 259 3457 0,
274 3392 352 3446 Keile'
362 3392 390 3446 A
399 3393 427 3460 d,
442 3393 479 3447 K.
490 3392 514 3447 I.
579 3395 613 3445 28
628 3391 715 3445 etiarn
729 3388 776 3445 off.
787 3406 858 3458 quae
873 3390 910 3456 A,
924 3389 970 3444 off.
982 3391 1069 3446 etiarn
1082 3408 1110 3463 q.

89 3463 173 3533 culp,
191 3461 238 3518 off.
253 3478 326 3531 quae
346 3464 433 3518 etiam
448 3466 487 3520 M
489 3464 505 3518 '.
570 3467 603 3516 29
624 3478 639 3516 e
653 3462 728 3516 stud.
743 3462 781 3517 K.
796 3461 885 3533 (Keili
898 3462 973 3518 codd.
988 3463 1031 3519 cel
1044 3479 1060 3519 e
1075 3465 1109 3519 ot

89 3551 113 3588 o.
129 3535 158 3588 et
174 3535 207 3588 st.
223 3552 246 3589 c.
263 3537 292 3589 et
306 3535 380 3590 enim
396 3538 451 3608 st),
470 3537 499 3590 et
513 3551 529 3590 e
543 3533 619 3589 stud.
630 3535 712 3603 AM,
726 3534 888 3603 Remea
901 3537 1001 3600 ΨΜ)
1015 3538 1127 3595 etum,

82 3604 112 3655 et
124 3604 197 3657 stud.
215 3607 257 3661 M
259 3605 273 3674 '‚
295 3625 330 3663 ex
344 3609 421 3666 stud.
438 3609 556 3679 Bcebr,
570 3607 680 3665 studiis
693 3607 817 3674 Modo,
831 3602 939 3660 Maeli.

945 3698 1004 3756 ‘ab'
