2386 3840
119 183 184 252 130
475 235 477 239 .
553 181 582 238 0.
600 182 700 237 nunu

118 342 258 431 (vereor,
290 368 387 431 quam
418 347 453 411 in
485 351 610 431 partem
641 346 721 412 iuris
754 346 907 429 consulti,
945 346 1031 430 quod
1065 368 1137 411 sum

117 435 276 519 dicturus,
305 432 477 522 accipiant)
508 436 672 520 antiquior
701 437 769 500 iure
799 439 860 520 est,
888 435 1001 518 utique
1027 435 1062 499 in
1090 458 1137 518 eo,

81 544 98 592 a
118 525 205 611 quod
223 525 264 589 ad
282 544 485 590 communem
504 526 642 609 patriam
661 526 765 591 voluit
783 525 958 609 pervenire.
994 523 1061 608 An,
1085 526 1138 590 cui

116 614 156 678 de
183 636 255 679 meo
283 614 465 679 sestertium
492 614 631 680 sedecies
659 615 797 698 contuli,
822 613 899 678 huic
925 614 1137 700 quadringen-

116 707 224 768 torum
253 702 380 768 milium
410 705 508 787 paulo
538 704 676 788 amplius
705 703 833 768 tertiam
864 707 989 787 partem
1019 725 1059 768 ex
1084 704 1169 767 ads

115 792 255 858 venticio
279 792 455 879 denegem?
484 791 558 859 Scio
581 796 614 858 te
638 814 766 876 quoque
790 815 809 857 a
830 793 951 857 iudicio
974 814 1046 857 meo
1069 814 1138 856 nou

116 880 300 965 abhorrere,
330 903 404 947 cum
432 883 565 947 eandam
594 904 662 947 rem
690 881 853 965 publicam
883 886 920 946 ut
947 880 1025 947 civis
1054 882 1136 964 opti-

80 989 188 1038 4mus
223 970 347 1056 diligas.
393 970 501 1036 Velim
537 992 629 1056 ergo,
668 992 741 1036 cum
771 971 918 1055 proxime
948 970 1136 1036 decuriones

116 1060 358 1144 contrahentur,
388 1060 467 1145 quid
495 1061 538 1126 sit
559 1061 653 1144 iuris,
684 1060 818 1143 indices,
849 1082 944 1144 parce
972 1064 1080 1124 tamen
1104 1064 1136 1123 et

115 1149 272 1232 modeste;
311 1149 424 1214 deinde
466 1149 641 1235 subiungas
679 1170 739 1215 nos
776 1149 1010 1235 quadringenta
1045 1148 1137 1212 milia
1157 1166 1182 1205 10

116 1238 242 1321 offerre,
266 1238 350 1304 sicut
368 1239 567 1323 praeceperit
586 1239 787 1304 Saturninus.
816 1239 909 1303 lllius
927 1239 991 1303 hoc
1008 1260 1136 1321 munus,

114 1327 202 1392 illius
229 1327 419 1411 liberalitem
448 1332 596 1394 nostrum
623 1331 751 1392 tantum
779 1328 970 1411 obsequium
993 1331 1135 1392 vocetur.

79 1414 204 1484 oldaec
236 1437 296 1502 ego
329 1417 466 1483 scribere
498 1417 627 1502 publice
660 1416 838 1501 supersedi,
874 1417 1015 1500 primum
1049 1418 1135 1501 quod

114 1505 323 1571 memineram
354 1528 413 1590 pro
445 1505 680 1571 necessitudine
712 1506 872 1571 amicitiae
899 1510 1043 1590 nostrae,
1075 1528 1135 1590 pro

113 1595 267 1659 facultate
295 1594 483 1677 prudentiae
513 1598 587 1660 tuae
615 1599 647 1659 et
676 1595 789 1660 debere
818 1599 852 1659 te
883 1599 916 1660 et
943 1617 1038 1680 posse
1065 1617 1135 1679 per·
1156 1620 1180 1660 ιε

114 1683 188 1748 inde
211 1683 291 1747 meis
314 1705 352 1748 ac
374 1682 439 1748 tuis
462 1683 608 1767 partibus
631 1684 734 1770 fimgi,
757 1684 871 1749 deinde
894 1686 971 1769 quia
992 1685 1136 1767 verebar,

113 1794 154 1836 ne
177 1772 319 1854 modum,
343 1793 438 1855 quem
461 1773 523 1837 tibi
545 1774 580 1836 in
603 1795 749 1838 sermone
773 1774 935 1838 custodire
958 1774 1053 1839 facile
1076 1779 1134 1857 est,

78 1861 256 1930 ctenuisse
278 1861 313 1925 in
335 1861 474 1945 epistula
495 1884 562 1926 non
580 1861 712 1926 viderer.
757 1861 843 1927 Nam
863 1885 1042 1928 sermonem
1065 1865 1135 1927 vul·

113 1952 176 2033 tus,
194 1953 314 2036 gestus,
331 1972 396 2014 vox
413 1951 485 2034 ipsa
502 1950 696 2034 moderatur,
720 1952 860 2035 epistula
879 1953 1028 2017 omnibus
1048 1972 1135 2017 com·

113 2038 372 2104 mendationibus
392 2039 545 2104 destituta
564 2040 760 2125 malignitati
782 2040 1061 2124 interpretantium
1082 2063 1134 2105 ex·
1154 2064 1180 2104 so

113 2129 253 2212 ponitur.
299 2127 388 2194 Vale.

580 2277 666 2338 VHL

281 2404 312 2454 O.
323 2404 470 2456 PLINIUS
490 2404 630 2454 TITINIO
650 2404 823 2455 CAPITONI
843 2404 912 2456 SUO
933 2405 961 2456 S.

78 2539 92 2587 1
180 2519 310 2605 suades,
333 2526 370 2586 ut
391 2521 560 2587 historiam
584 2522 731 2606 scribam,
754 2526 786 2587 et
810 2523 922 2588 suades
941 2544 1008 2587 non
1031 2523 1133 2588 solusz

112 2611 207 2675 multi
230 2611 293 2675 hoc
316 2632 367 2675 me
386 2633 480 2696 saepe
500 2615 702 2695 monuerrmt,
726 2616 758 2676 et
781 2634 841 2698 ego
861 2613 945 2695 volo,
969 2634 1036 2676 non
1056 2613 1132 2696 quia
1152 2637 1177 2677 rs

112 2700 279 2765 commode
302 2699 462 2764 facturum
490 2722 559 2766 esse
587 2701 714 2766 confido
744 2701 791 2787 (id
815 2700 900 2764 enim
924 2704 1044 2765 temere
1068 2722 1133 2766 cre·

112 2790 168 2854 das
190 2789 255 2853 nisi
277 2786 455 2874 expertus),
484 2789 539 2854 sed
563 2789 639 2873 quia
662 2790 742 2853 mihi
764 2789 936 2873 pulchrum
961 2790 995 2854 in
1018 2790 1132 2873 primis

111 2879 239 2943 videtur
260 2899 327 2942 nou
354 2879 423 2962 pati
446 2879 604 2962 occidere,
633 2879 750 2962 quibus
774 2879 946 2943 aeternitas
970 2879 1133 2961 debeatur,

76 2985 92 3033 2
112 2968 313 3051 aliorumque
330 2967 450 3032 famam
470 2989 544 3032 cum
564 2989 622 3032 sua
640 2968 818 3032 extendere.
851 2968 904 3034 Me
923 2972 1030 3032 autem
1049 2969 1133 3033 nihil

182 3148 199 3194 4
218 3142 342 3197 sedecies
361 3143 431 3209 Ma,
450 3144 488 3196 K.
503 3143 546 3209 ΙΙ,
569 3143 614 3197 his
633 3142 743 3197 edecies
761 3143 802 3210 D,
824 3141 869 3196 his
888 3143 1008 3197 editions
1028 3144 1065 3210 F,
1088 3143 1132 3197 his

111 3213 247 3267 adiiciens
262 3231 315 3282 pr,
334 3231 382 3268 sex
401 3213 493 3268 decies
508 3214 645 3268 adficiens
659 3227 684 3278 s,
702 3214 852 3340 §amasias
868 3215 905 3268 K.
916 3219 939 3281 I,
953 3216 988 3282 cf.
1004 3216 1132 3269 Momms.

111 3285 198 3338 Herm
217 3287 274 3339 ΙΙΙ
288 3287 500 3354 (1868)p.101,
523 3286 687 3353 Zeitschr.f.
732 3286 887 3356 echtsqecch.
902 3304 927 3340 a.
944 3291 1015 3341 1867
1029 3302 1059 3354 p.
1069 3289 1131 3340 314.

111 3359 144 3408 23
164 3355 270 3408 Titinio
289 3372 322 3409 ex
340 3353 517 3423 1c,K..·‘ac
538 3358 664 3410 Tacitum
686 3358 817 3426 comptam
839 3358 985 3425 epistulam
1007 3357 1133 3412 indicare

99 3427 216 3477 aiam
228 3427 368 3481 &mnatre
383 3429 561 3496 Apollinaris
578 3428 599 3480 Ι
603 3428 629 3480 V
643 3429 700 3481 21³.
832 3433 866 3481 26
886 3429 995 3481 confido
1015 3429 1045 3481 D
1048 3445 1132 3496 pra,

81 3492 229 3544 confidam
250 3498 334 3563 ME
356 3501 430 3570 vulp.
532 3504 566 3556 28
585 3516 645 3556 nou
662 3499 727 3570 pati
745 3502 813 3571 (non
827 3517 849 3553 n
863 3501 930 3569 pati
948 3501 986 3567 Di
1004 3499 1132 3554 occidere

58 3554 226 3626 Fſjpra,
243 3569 381 3632 posteris
401 3573 523 3632 tradere
544 3576 590 3632 M.
