2400 3862
111 205 178 277 394
549 205 577 262 c.
597 202 695 261 nunu

75 371 160 436 atui
192 371 306 437 fecisti.
352 370 464 436 Multis
495 369 684 437 inlustribus
715 369 861 437 dedecori
897 370 962 436 fuit
998 374 1057 436 aut
1087 371 1134 436 in·

112 462 290 527 consultius
320 483 402 526 uxor
431 460 602 545 adsumpta
631 465 688 526 aut
713 464 838 527 retenta
867 459 1057 545 patientius:
1088 461 1134 525 ita

111 551 190 616 foris
232 551 335 617 claros
376 551 551 616 domestica
592 550 777 616 destruebat
817 549 962 634 infamia,
1004 553 1050 635 st,
1092 571 1134 615 ne

111 640 245 705 maximi
272 639 357 706 cives
385 639 593 723 haberentur,
615 640 678 705 hoc
702 638 875 725 efficiebat,
906 639 992 723 quod
1022 639 1134 705 mariti

76 730 251 796 ominores
279 733 378 795 erant.
424 729 497 795 Tibi
524 752 607 795 uxor
634 730 669 795 in
697 729 850 796 decusat
877 727 1014 816 gloriam
1038 729 1163 795 cedite

112 817 196 898 Quid
237 818 323 885 enim
361 819 417 885 illa
453 820 609 904 sanctius,
650 819 728 903 quid
765 818 952 903 antiquius?
1004 818 1133 904 Nonne,

112 909 140 974 si
171 909 318 994 pontifici
350 908 490 974 maximo
521 908 668 995 eligenda
700 909 744 974 sit
773 909 927 992 coniunx,
960 911 1016 973 aut
1047 908 1133 974 hanc

77 1001 168 1063 caut
193 998 329 1065 similem
357 997 428 1085 (ubi
453 1001 503 1064 est
527 1001 635 1063 autem
662 996 812 1085 similist)
836 998 990 1085 elegerit?
1027 996 1133 1075 Quam

111 1087 168 1152 illa
197 1088 280 1153 nihil
310 1088 372 1154 sibi
401 1110 440 1153 ex
467 1086 598 1153 fortuna
627 1091 683 1152 tua
706 1088 771 1153 nisi
797 1087 951 1174 gaudium
979 1087 1132 1171 vindicat,

112 1199 208 1262 quam
232 1178 290 1243 illa
313 1180 497 1243 constanter
519 1199 586 1243 non
608 1177 786 1263 potentiam
814 1181 919 1261 tuam,
945 1177 1000 1242 sed
1024 1176 1132 1263 ipsum
1152 1197 1176 1237 ro

111 1272 144 1332 te
172 1270 348 1334 reveretur!
382 1265 471 1333 Idem
502 1267 578 1332 estis
609 1267 760 1351 invicem,
790 1268 877 1351 quod
906 1266 1027 1346 fuistis,
1059 1289 1134 1351 pro·

23 1404 24 1409 η
112 1356 178 1422 bati
209 1379 247 1422 ex
280 1379 396 1442 aequo,
427 1356 574 1441 nihilque
606 1356 697 1422 robis
729 1355 867 1423 felicitas
900 1355 1038 1440 addidit,
1069 1355 1134 1421 nisi

112 1446 200 1530 quod
236 1447 317 1512 scire
354 1447 519 1532 coepistis,
561 1468 658 1530 quam
699 1446 781 1512 beno
816 1450 952 1530 uterque
988 1449 1132 1511 vestrum

77 1535 299 1601 sfelicitatem
327 1535 416 1602 ferat.
464 1535 585 1601 lladem
616 1558 713 1619 quam
743 1535 871 1601 modica
900 1537 1003 1618 cultu,
1034 1557 1133 1619 quam

111 1646 207 1711 parca
225 1626 396 1710 comitatu,
419 1647 515 1709 quam
535 1625 639 1691 civilis
658 1626 799 1691 incessui
831 1625 940 1691 Mariti
958 1625 1021 1690 hoc
1041 1647 1134 1709 opus,
1151 1645 1176 1686 rs

112 1715 232 1799 quiite
250 1714 380 1799 imbuit,
402 1715 449 1779 ita
466 1714 621 1799 instituit,
639 1737 714 1780 nam
734 1714 827 1779 uxori
846 1714 967 1780 sufficit
986 1714 1135 1798 obsequii

76 1819 92 1869 8
112 1805 222 1890 gloria
268 1802 335 1889 An,
358 1826 432 1869 cum
451 1804 574 1888 rideat,
597 1826 695 1888 quam
717 1807 749 1869 te
771 1805 880 1870 nullus
903 1808 1021 1888 terror,
1042 1804 1134 1870 nulla

112 1895 283 1959 comitetur
312 1893 459 1977 ambitio,
488 1915 554 1958 non
585 1896 617 1958 et
644 1894 715 1978 ipsa
746 1915 819 1959 cum
847 1894 976 1960 silentio
1005 1893 1134 1959 incedat

111 1983 408 2070 ingredientemque
432 1981 566 2068 pedihus
586 1983 751 2067 maritum,
774 1983 809 2046 in
829 1987 984 2066 quantum
1008 1984 1133 2069 patitur

112 2095 219 2158 sexus,
250 2073 416 2139 imitetur?
449 2072 601 2139 Decuerit
627 2072 691 2138 hoc
720 2073 823 2156 illam,
851 2073 977 2138 etiamsi
1006 2072 1134 2139 diversa
1152 2095 1177 2135 so

111 2167 147 2228 tu
171 2163 280 2229 facias.
322 2162 390 2229 Sub
413 2164 474 2230 hac
497 2184 573 2228 vero
597 2161 755 2228 modestia
777 2162 840 2227 riri
859 2166 1014 2246 quantam
1038 2162 1134 2228 debet

57 2247 337 2319 84verecundiam
364 2275 447 2318 uxor
474 2253 606 2336 marito,
628 2252 748 2317 femina
776 2251 851 2317 sibit
897 2250 997 2317 Soror
1024 2256 1134 2318 autem

111 2346 168 2407 tua
190 2346 228 2407 ut
251 2365 284 2408 se
308 2364 451 2408 sororem
475 2365 544 2409 esse
567 2342 727 2408 meminit!
749 2345 788 2407 ut
805 2341 840 2406 in
861 2342 917 2407 illa
935 2345 992 2406 tua
1011 2341 1134 2426 simpli·

112 2431 539 2515 citas,tuaveritas,tui1s
564 2431 684 2498 candor
706 2432 906 2518 agnoscitur3
934 2434 984 2514 ut,
1008 2430 1036 2496 si
1060 2432 1133 2516 quis

112 2543 182 2586 eam
205 2520 299 2586 uxori
321 2524 396 2586 tuae
420 2521 577 2605 conferat,
608 2521 754 2587 dubitare
777 2524 924 2608 cogatur,
956 2523 1067 2585 utrum
1091 2522 1135 2586 sit
1152 2541 1177 2582 as

112 2610 273 2676 efficacius
297 2611 336 2675 ad
364 2614 450 2676 recte
477 2610 650 2676 vivendum
673 2612 754 2676 bene
782 2611 908 2676 institui
930 2632 972 2675 an
995 2610 1135 2677 feliciter

76 2701 208 2766 anasci.
254 2698 347 2765 Nihil
370 2703 420 2765 est
442 2703 507 2764 tam
532 2721 670 2784 pronum
695 2702 734 2766 ad
758 2701 937 2765 simultates
961 2721 1059 2783 quam
1083 2724 1133 2766 ae·

112 2790 259 2872 mulatio,
287 2789 321 2854 in
344 2788 472 2853 feminis
500 2790 703 2874 praesertim:
732 2813 769 2855 ea
796 2812 893 2874 porro
916 2790 1055 2855 maxime
1078 2813 1133 2855 na·

112 2879 212 2945 scitur
231 2902 270 2944 ex
289 2878 529 2963 coniunctione,
548 2880 646 2944 alitur
664 2880 869 2964 aequalitate,
890 2879 1068 2945 exardescit
1086 2881 1133 2944 in·

76 2985 91 3033 3
111 2969 210 3054 vidia,
235 2968 325 3035 cuius
344 2967 418 3032 finis
438 2973 487 3033 est
505 2968 623 3034 odium.
670 2968 741 3046 Quo
762 2969 891 3052 quidem
911 2969 1132 3035 admirabilius
1151 2989 1177 3030 ao

112 3059 359 3123 existimandum
379 3061 436 3141 est,
455 3058 542 3141 quod
563 3057 750 3125 mulieribus
769 3058 893 3123 duabus
908 3059 943 3123 in
956 3081 1022 3123 una
1036 3059 1132 3125 domo

111 3149 245 3234 parique
268 3149 399 3213 fortuna
421 3148 547 3212 nullum
572 3151 747 3229 certamen,
773 3149 864 3212 nulla
887 3149 1051 3214 contentio
1076 3153 1132 3214 est.

184 3331 198 3378 1
219 3323 313 3379 fecisti
331 3341 405 3379 worse
423 3326 459 3391 A,
478 3325 513 3390 cf.
531 3327 638 3392 12:330,
655 3327 708 3390 23;
726 3326 788 3389 351,
809 3326 859 3390 14,
877 3327 940 3391 355,
952 3328 1004 3392 25;
1022 3328 1085 3392 356,
1100 3329 1132 3392 7,·

108 3399 172 3463 359,
192 3400 226 3464 8,·
244 3400 306 3464 370,
325 3400 378 3464 27;
395 3400 457 3464 372,
477 3399 527 3461 11,·
550 3398 612 3463 aaa,
631 3400 680 3463 11,·
702 3398 833 3462 3s4,13;
856 3399 919 3463 395,
939 3400 974 3451 18
992 3397 1039 3464 aa,
1065 3395 1133 3451 effe-

95 3466 168 3523 cisti
185 3468 246 3524 rell.
268 3468 358 3539 codd,
380 3469 441 3527 edd.
464 3467 513 3540 (cf.
529 3483 559 3539 p.
575 3470 640 3537 382,
657 3469 696 3538 2).
816 3471 849 3520 10
871 3466 922 3521 illa
940 3470 977 3535 A,
1001 3484 1051 3522 om.
1072 3474 1131 3523 cett.

78 3543 119 3592 14
139 3558 162 3596 a
179 3542 337 3613 Hofaclcer
349 3562 384 3618 p.
402 3548 446 3604 55.
529 3546 566 3600 28
585 3539 711 3598 maxime
732 3539 770 3593 K.
780 3540 806 3606 1,
824 3540 928 3593 Beata.
945 3555 959 3591 e
975 3541 1033 3590 sats
1050 3540 1138 3604 codd,

63 3607 188 3684 Musti,
210 3634 265 3674 om.
284 3621 386 3679 ΚΠ.

734 3802 841 3826 Δ
