2386 3840
86 175 129 241 22
477 220 486 227 .
522 170 669 226 0111111

87 331 257 399 admonere
289 335 451 417 deberem,
482 334 546 398 nisi
578 334 691 399 scirem
720 336 835 418 sponte
862 333 1053 418 facturum,
1081 339 1110 399 111

88 421 243 508 dignitate
266 447 285 488 a
308 446 359 489 me
382 423 456 488 data
479 445 575 508 quam
599 422 834 488 modestissime
857 425 896 487 ut
918 445 941 488 a
965 445 1022 488 me
1044 424 1111 489 data

51 533 68 581 4
87 517 185 576 utare.
227 511 311 576 Nam
336 513 505 578 sollicitius
527 511 755 578 custodiendus
778 515 827 577 est
845 511 972 596 honor,
995 514 1035 579 111
1053 535 1110 598 quo

87 601 183 666 etiam
207 601 397 666 beneficium
421 601 516 666 amici
538 601 693 666 tuendum
717 604 773 666 est.
819 599 910 665 Vale.

564 768 627 824 XX.
1120 780 1126 819 1

253 874 284 925 C.
300 876 448 926 PLINIUS
467 875 650 926 CORNELIO
671 872 803 924 TAOITO
824 873 893 925 SUO
914 874 944 924 S.

55 996 68 1042 1
161 973 324 1058 Frequens
349 974 429 1038 mihi
457 975 633 1059 disputatio
666 978 715 1039 est
742 995 814 1039 cum
844 974 989 1056 quodam
1018 975 1109 1042 docto

90 1063 220 1128 homine
244 1068 276 1128 et
293 1065 411 1149 perito,
435 1063 488 1128 cui
510 1063 593 1128 nihil
616 1084 716 1147 aeque
739 1063 773 1126 in
796 1062 901 1127 causis
920 1065 1064 1149 agendis
1081 1069 1110 1129 ut

54 1153 228 1220 abrevitas
259 1155 373 1239 placet.
425 1152 528 1229 Quam
563 1174 623 1238 ego
652 1151 895 1217 custodiendam
928 1173 1002 1218 esse
1043 1176 1110 1220 001-

88 1242 194 1327 fiteor,
213 1243 241 1307 si
251 1265 347 1308 causa
355 1243 533 1327 permittat:
552 1241 674 1325 alioqui
692 1240 923 1326 praevaricatio
942 1246 996 1307 est
1008 1247 1110 1309 116116-

88 1331 135 1396 ire
169 1332 316 1415 dicenda,
354 1332 585 1417 praevaricatio
620 1331 717 1394 etiam
754 1329 872 1395 cursim
904 1333 938 1394 et
971 1332 1110 1398 breviter

89 1423 260 1506 attingere,
289 1443 370 1505 quae
398 1422 463 1485 sint
490 1419 695 1502 inculcanda,
722 1418 898 1504 infigenda,
927 1423 1110 1504 repetenda

55 1508 174 1576 aNam
197 1511 359 1594 plerisque
381 1510 528 1595 longiore
555 1512 695 1573 tractatu
717 1508 765 1573 vis
795 1509 952 1592 quaedam
977 1514 1012 1576 61
1035 1534 1110 1596 pou·

90 1598 149 1662 dus
180 1598 315 1681 accedit,
344 1602 444 1682 utque
478 1597 606 1683 corpori
635 1597 754 1662 ferrum
785 1598 831 1662 sic
864 1598 968 1662 oratio
1003 1601 1109 1665 animo

54 1707 156 1754 411011
178 1689 245 1753 ictu
268 1688 371 1773 magis
399 1710 495 1771 quam
518 1708 609 1750 mora
632 1687 834 1770 imprimitur.
880 1685 1026 1753 Η101116
1051 1702 1134 1754 mel

90 1798 164 1841 cum
192 1777 437 1841 auctoritatibus
467 1776 534 1861 agit
562 1797 599 1841 ac
628 1775 709 1839 mihi
732 1798 771 1839 ex
795 1774 923 1840 Graecis
947 1778 1111 1845 orationes

90 1864 205 1948 Lysiae
242 1868 397 1948 ostentat,
433 1887 473 1929 ex
502 1865 623 1929 nostris
656 1863 873 1929 Gracchorum
907 1863 1111 1952 Catonisque,

91 1974 228 2036 quorum
252 1976 327 2019 sane
350 1955 507 2039 plurimae
531 1957 606 2018 sunt
625 1954 830 2019 circumcisae
849 1959 881 2018 et
899 1954 1029 2021 breves:
1054 1979 1110 2044 ego

90 2042 205 2127 Lysiae
224 2044 478 2126 Demosthenen,
501 2042 696 2125 Aeschinen,
720 2042 907 2126 Hyperiden
925 2045 1111 2132 multosque

90 2136 268 2216 praeterea,
303 2132 454 2198 Gracchis
487 2135 519 2196 et
551 2130 666 2196 Catoni
698 2130 893 2214 Pollionem,
932 2130 1139 2218 (lassaremur

92 2218 248 2305 Caelium,
275 2224 309 2287 in
339 2223 451 2306 primis
475 2221 517 2284 M.
542 2220 683 2284 Tullium
713 2243 855 2304 oppon0,
886 2221 977 2286 cuius
1007 2225 1111 2290 oratio

92 2311 214 2393 optima
236 2311 337 2375 fertur
360 2332 428 2375 esse
453 2332 534 2393 quae
557 2310 705 2374 maxima.
751 2311 794 2374 Et
816 2310 945 2375 hercule
969 2316 1008 2376 ut
1032 2315 1112 2379 aliae

90 2398 194 2463 bonae
229 2421 279 2464 res
317 2401 362 2463 ita
398 2400 501 2464 bonus
533 2399 616 2462 liber
648 2399 762 2463 melior
793 2404 843 2463 661
874 2401 1012 2484 quisque
1048 2425 1112 2488 quo

56 2488 201 2554 cmaior.
247 2487 360 2569 Vides,
389 2492 425 2552 ut
453 2491 588 2571 statuas,
620 2488 725 2572 signa,
752 2489 908 2573 picturas,
939 2489 1112 2557 hominum

91 2577 228 2660 denique
269 2579 507 2661 multorumque
553 2576 739 2641 animalium
781 2577 915 2661 formas,
959 2579 1143 2650 arborumu

92 2666 198 2750 etiam,
223 2666 250 2730 61
274 2666 369 2730 modo
394 2667 459 2731 sint
484 2667 626 2749 decorae,
648 2666 732 2730 nihil
755 2667 857 2752 magis
882 2690 978 2751 quam
998 2672 1114 2757 ampli·

91 2755 170 2820 tudo
195 2755 405 2820 commendet.
429 2754 518 2820 Idem
537 2756 736 2821 orationibus
756 2755 876 2839 evenit,
909 2757 989 2840 quin
1015 2762 1114 2826 etiam

92 2845 311 2909 voluminibus
343 2845 422 2927 ipsis
456 2847 681 2911 auctoritatem
714 2845 873 2927 quandam
907 2851 939 2910 et
969 2848 1115 2931 pulchri·

57 2931 236 3000 etudinem
269 2932 366 2998 adicit
397 2934 594 3019 magnitudo.
640 2932 729 2997 Haeo
759 2934 813 2997 1116
843 2936 1009 3018 multaque
1041 2941 1115 3023 alia,

93 3043 173 3104 quae
202 3046 220 3087 a
248 3045 298 3086 me
326 3023 360 3086 in
388 3023 520 3087 eandem
549 3023 741 3088 sententiam
766 3024 871 3087 solent
899 3024 976 3107 dici,
1003 3031 1042 3090 ut
1067 3033 1147 3098 6616

92 3111 126 3175 in
145 3111 337 3196 disputando
357 3112 690 3196 incomprehensibilis
710 3115 742 3175 et
759 3112 918 3197 lubricus,
936 3113 982 3177 ita
1001 3116 1116 3203 eludit,

92 3204 129 3265 ut
148 3201 320 3265 contendat
337 3201 397 3266 hos
416 3202 518 3284 ipsos,
542 3223 679 3285 quorum
699 3201 897 3267 orationibus
917 3203 1017 3287 nitar,
1035 3229 1115 3290 pau-

58 3308 72 3355 1
93 3290 180 3354 ciora
199 3290 324 3372 dixisse,
344 3312 440 3373 quam
459 3290 624 3355 ediderint.
657 3290 728 3374 Ego
749 3295 860 3355 contra
878 3296 966 3376 puto.
1000 3293 1115 3364 Testes

167 3490 199 3536 12
232 3484 289 3536 61111
314 3484 448 3552 RFpa,
477 3484 515 3537 K.
530 3485 562 3551 I,
596 3483 672 3550 Otto,
700 3484 768 3549 olii,
797 3487 866 3535 sunt
892 3486 990 3546 Des,
1020 3489 1124 3544 Ru.

82 3561 119 3606 21
134 3555 284 3609 hominum
306 3555 483 3627 deorumque
502 3555 676 3611 animalium
697 3556 866 3609 Mommsen.
