2400 3862
556 215 584 268 Ο.
604 213 712 269 PLINI.

615 383 651 442 v.

294 508 840 562 c.1²am1usvocomoaouauo
862 509 930 561 suo
952 510 979 560 s.
1046 489 1048 494 ’

83 645 99 692 1
192 626 353 691 Vidistine
377 648 571 710 quemquam
595 626 637 691 M.
657 625 783 711 Regulo
807 627 1018 711 timidiorem,
1041 628 1147 693 humi·

120 717 234 780 liorem
265 720 340 799 post
363 715 542 781 Domitiani
568 716 727 780 mortem?
758 717 818 780 sub
842 738 907 799 quo
930 739 998 781 non
1021 717 1147 782 minora

119 805 245 888 flagitia
277 806 480 870 commiserat
512 827 609 889 quam
641 806 700 869 sub
732 803 875 888 Nerone,
913 807 970 870 sed
1002 806 1145 872 tectiore.
1178 828 1190 869 e

119 894 236 977 Coepit
255 894 366 977 vereri,
385 917 425 958 ne
444 894 506 958 sibi
520 895 686 976 irascerer3
705 915 764 958 nec
778 894 959 977 fallebatur,
978 896 1145 960 irascebar.

83 983 248 1047 aRustici
270 982 405 1047 Aruleni
433 983 612 1067 periculum
639 983 779 1066 foverat,
809 984 1008 1048 exaltaverat
1033 989 1147 1068 morte,

122 1073 201 1136 adeo
221 1076 257 1136 ut
275 1072 394 1136 librum
412 1073 561 1138 recitaret
574 1071 828 1156 publicaretque,
846 1073 959 1156 inquo
974 1073 1146 1139 Rusticum

122 1162 298 1226 insectatur
306 1165 403 1244 atque
414 1162 511 1226 etiam
521 1160 717 1226 ‘Stoicorum
728 1161 866 1225 simiam'
877 1163 1033 1245 appellat3
1047 1162 1148 1228 adicit

87 1267 102 1314 3
123 1249 310 1314 ‘Vitellianae
333 1252 481 1316 cicatrice
500 1249 713 1336 stigmosuxn'.
748 1250 909 1336 Agnoscis
928 1251 1146 1335 eloquentiam
1166 1282 1189 1322 ro

122 1339 248 1424 Reguli.
301 1338 436 1404 Lacerat
464 1339 663 1405 Herennium
694 1338 903 1405 Senecionem
933 1344 1000 1404 tam
1030 1341 1145 1406 intem-

122 1432 272 1512 peranter
299 1428 442 1511 quidem,
472 1432 509 1493 ut
536 1429 654 1494 dixerit
682 1429 712 1493 ei
739 1427 872 1493 Mettius
901 1427 1015 1494 Carus:
1046 1429 1147 1506 ‘Quid

123 1518 183 1582 tibi
211 1541 283 1582 cum
311 1519 390 1582 meis
419 1518 577 1583 mortuis?
607 1516 765 1602 numquid
788 1540 848 1604 ego
873 1522 929 1582 aut
953 1516 1066 1582 Crasso
1090 1523 1147 1583 aut

123 1605 291 1671 Camerino
320 1608 474 1671 molestus
499 1607 608 1671 sum?'
637 1628 718 1689 quos
741 1607 796 1670 ille
819 1607 878 1671 sub
902 1606 1032 1672 Nerone
1055 1630 1147 1674 accu-

87 1700 257 1760 lsaverat.
307 1695 397 1760 Haec
428 1719 479 1760 me
507 1695 651 1782 Regulus
684 1696 829 1760 dolenter
855 1697 969 1760 tulisse
997 1696 1147 1762 credebat
1165 1727 1190 1769 ιι

122 1785 273 1868 ideoque,
301 1786 398 1849 etiam
427 1808 500 1850 cum
524 1787 673 1850 recitaret
695 1786 829 1868 librum,
856 1808 923 1850 non
946 1785 1145 1851 adhibuerat.

123 1873 291 1938 Praeterea
320 1874 598 1958 reminiscebatur,
628 1897 724 1957 quam
753 1874 933 1957 capitaliter
959 1875 1066 1958 ipsum
1095 1898 1147 1940 me

87 1979 103 2026 5
123 1963 208 2046 apud
233 1965 449 2028 centumviros
473 1963 661 2029 lacessisset.
702 1962 842 2027 Aderam
866 1962 1069 2048 Arrionillae,
1093 1964 1147 2029 Ti·

123 2054 228 2117 monis
256 2053 365 2134 uxori,
391 2056 507 2138 rogatu
531 2051 665 2117 Aruleni
688 2051 828 2134 Rustici3
857 2051 1000 2136 Regulus
1025 2057 1145 2118 contra.

122 2141 315 2206 Nitebamur
338 2163 397 2206 nos
416 2143 450 2206 in
468 2145 558 2225 parte
577 2164 691 2207 causae
710 2141 869 2206 sententia
887 2141 980 2206 Metti
998 2141 1146 2227 Modesti,
1166 2175 1192 2215 ,ο

124 2231 239 2312 optimi
266 2230 340 2294 viri:
370 2232 397 2295 is
425 2234 503 2295 tuno
527 2231 560 2295 in
584 2231 681 2295 exilio
705 2233 786 2313 erat,
816 2253 835 2293 a
858 2229 1044 2295 Domitiano
1068 2233 1146 2297 rele-

123 2323 226 2404 gatus.
272 2318 357 2384 Ecce
380 2319 440 2384 tibi
463 2318 620 2404 Regulus:
649 2318 808 2395 ‘Quaero'
831 2320 952 2403 inquit,
975 2318 1146 2405 ‘Secunde

124 2409 201 2491 quid
226 2408 264 2473 de
286 2407 433 2473 Modesto
458 2409 602 2474 sentias'.
648 2408 763 2489 Vides,
790 2408 876 2492 quod
900 2410 1092 2493 periculum,
1119 2412 1147 2476 si

122 2497 358 2582 respondissem
387 2497 509 2582 ‘bene’,
538 2498 624 2582 quod
652 2497 822 2581 flagitium,
849 2499 876 2562 si
901 2498 1023 2562 ‘male’.
1069 2497 1146 2564 Non

118 2609 253 2670 possum
289 2586 393 2651 dicere
425 2588 513 2651 aliud
543 2591 621 2652 tunc
651 2588 731 2650 mihi
762 2610 858 2670 quam
889 2588 965 2651 deos
996 2586 1145 2654 adfuisse.
1166 2621 1193 2662 25

123 2674 369 2760 ‘Respondebo'
387 2677 530 2759 inquam,
549 2676 644 2759 ‘quid
663 2676 808 2758 sentiam,
827 2678 854 2740 si
873 2676 912 2739 de
926 2676 989 2740 hoc
1003 2680 1146 2741 centum-

122 2765 185 2829 viri
203 2765 375 2829 iudicaturi
394 2765 492 2829 sunt'.
525 2765 649 2829 Rursus
669 2767 737 2829 ille:
757 2764 907 2846 ‘Quaere
926 2764 1003 2847 quid
1023 2766 1061 2829 de
1076 2766 1146 2831 Mo-

87 2869 102 2916 6
123 2855 213 2918 desto
233 2854 373 2919 sentias'.
398 2853 519 2918 Iterum
539 2877 613 2940 ego:
633 2852 803 2918 ‘Solebant
821 2856 918 2918 testes
933 2854 967 2916 in
981 2877 1062 2937 reos,
1080 2878 1146 2920 non

123 2945 157 3007 in
176 2943 344 3008 damnatos
363 2943 580 3029 interrogari’.
604 2942 713 3007 Tertio
729 2944 797 3006 ille:
816 2942 908 3006 ‘Non
923 2943 995 3026 iam,
1015 2943 1145 3027 quidde

88 3047 102 3093 7
122 3032 278 3116 Modesto,
297 3033 352 3096 sed
371 3032 449 3116 quid
466 3036 499 3097 te
517 3034 636 3116 pietate
655 3031 794 3097 Modesti
807 3032 947 3095 sentias'.
981 3033 1145 3110 ‘Quaeris'
1164 3069 1193 3108 30

122 3121 267 3205 inquam,
296 3121 390 3206 ‘quid
414 3123 563 3205 sentiam3
591 3126 624 3185 at
648 3143 708 3205 ego
731 3143 772 3184 ne
795 3120 992 3206 interrogare
1016 3123 1144 3206 quidem

195 3321 227 3370 11
254 3315 448 3387 lace<ra>rat
468 3317 566 3370 Modo.
587 3316 664 3384 prob.
691 3315 803 3381 Maeli,
830 3316 891 3369 cide
916 3318 1020 3385 Mayor
1045 3318 1143 3372 Joora.

122 3388 156 3452 of
175 3388 276 3442 Philet.
295 3388 380 3442 XIII
402 3391 466 3441 230.
558 3391 591 3439 18
616 3387 666 3440 ant
689 3385 731 3439 Or.
752 3387 909 3455 Rnpra,
938 3388 1011 3454 Otto,
1038 3388 1145 3457 Stangl,

124 3459 174 3511 ant
197 3475 249 3512 om.
269 3460 307 3513 M
315 3459 373 3513 VD
383 3471 412 3525 ς,
437 3459 474 3513 K.
517 3463 549 3510 21
574 3460 634 3510 tum
660 3458 756 3511 RFr.
799 3464 833 3513 26
858 3458 927 3526 quid
947 3459 1068 3512 sentiam
1092 3477 1143 3513 eoa

109 3529 254 3591 MVBr,
273 3531 314 3583 K,
349 3529 510 3584 cosentiae
532 3545 636 3598 quaero
651 3529 764 3597 quaeris
780 3532 817 3585 M
826 3530 879 3597 Vs,
898 3530 936 3583 K.
951 3531 993 3584 ΙΙ.
1027 3535 1059 3583 31
1076 3532 1145 3598 quid

92 3593 222 3644 sentiam
243 3598 297 3651 del,
311 3599 422 3672 Stangl.
