2400 3862
116 208 182 274 260
554 205 583 261 0.
602 204 701 261 PLINI

80 389 96 436 6
115 371 201 434 lasso
216 370 296 433 mihi
311 373 494 454 opportuna
508 369 768 452 interpellatione
783 369 985 433 subveniunt.
1027 367 1139 431 Venor

115 458 303 542 aliquando,
340 458 394 523 sed
431 480 498 522 non
535 458 603 524 sine
639 458 869 543 pugillaribus,
905 461 955 541 ut,
990 457 1138 540 quamvis

115 548 198 612 nihil
227 547 380 632 ceperim,
410 569 477 612 non
505 547 589 611 nihil
618 547 763 611 referam.
809 546 914 612 Datur
944 550 975 611 et
1005 546 1140 628 colonis,

115 641 152 702 ut
184 636 311 702 videtur
342 637 436 720 ipsis,
468 657 534 700 non
566 636 644 700 satis
678 636 847 720 temporis,
884 657 1022 720 quorum
1056 633 1139 699 mihi

115 731 256 812 agrestes
298 726 459 809 querellae
494 725 618 790 litteras
660 729 787 791 nostras
829 729 861 790 et
897 725 977 790 haec
1014 725 1171 788 urbanas

116 837 213 899 opera
236 814 469 880 commendant.
515 813 605 879 Vale.

550 1034 701 1093 XXXVII.

373 1124 748 1213 0.PL1NIUSPAlJL1N0
768 1161 837 1212 suo
858 1162 886 1211 s.

80 1297 94 1343 1
182 1276 251 1342 Nec
274 1281 348 1341 tuae
371 1281 505 1342 naturae
529 1283 578 1343 est
600 1278 800 1343 translaticia
818 1277 898 1343 haec
917 1281 949 1341 et
968 1278 1060 1360 quasi
1079 1299 1138 1360 pu-

114 1366 200 1431 blica
224 1366 332 1431 officia
355 1389 374 1430 a
392 1368 605 1432 familiaribus
625 1368 736 1432 amicis
756 1371 868 1432 contra
886 1367 1032 1450 ipsorum
1051 1387 1138 1431 com·
1158 1386 1184 1425 10

115 1456 248 1520 modum
271 1457 412 1541 exigere,
440 1462 473 1520 et
496 1479 555 1542 ego
579 1461 611 1522 te
640 1456 840 1522 constantius
865 1478 952 1539 amo,
980 1477 1076 1538 quam
1101 1460 1138 1518 ut

114 1567 237 1628 verear,
266 1567 307 1608 ne
331 1545 437 1628 aliter,
467 1568 504 1610 ac
527 1546 638 1629 velim,
668 1546 820 1630 accipias,
849 1545 912 1609 nisi
935 1549 967 1609 te
990 1545 1137 1609 kalendis

114 1634 223 1697 statim
249 1635 414 1698 consulem
437 1635 560 1717 videro,
583 1635 770 1717 praesertim
791 1656 865 1700 cum
889 1656 940 1698 me
963 1634 1136 1698 necessitas

113 1721 321 1787 locandorum
360 1723 563 1806 praediorum
600 1725 634 1787 ia
665 1725 774 1807 plures
811 1745 911 1787 annos
950 1722 1138 1787 ordinatura

114 1810 269 1895 detineat,
306 1811 340 1875 in
374 1835 437 1895 qua
470 1813 549 1875 mihi
582 1834 666 1877 nova
701 1813 836 1878 consilia
866 1812 1021 1877 sumenda
1051 1816 1135 1876 sunt.
1157 1832 1182 1872 15

78 1919 93 1966 2
113 1899 198 1965 Nam
213 1900 320 1984 priore
333 1901 452 1984 lustro,
476 1922 670 1984 quamquam
686 1905 761 1984 post
775 1923 908 1986 magnas
922 1902 1137 1984 remissiones,

113 1990 238 2072 reliqua
261 1994 443 2054 creverunt:
475 1989 549 2054 iude
580 1989 743 2073 plerisque
772 1991 863 2055 nulla
890 1991 954 2055 iam
978 2013 1055 2056 cura
1078 1990 1133 2054 mi·

113 2080 234 2143 nuendi
257 2079 338 2144 aeris
361 2079 472 2162 alieni,
497 2079 582 2162 quod
602 2079 773 2163 desperant
791 2101 886 2163 posse
909 2081 1064 2164 persolvi3
1087 2103 1135 2143 ra-

112 2169 207 2252 piunt
234 2169 331 2233 etiam
361 2172 634 2252 consumuntque,
665 2167 750 2252 quod
778 2172 891 2233 natum
919 2173 982 2252 est,
1011 2173 1048 2233 ut
1079 2170 1135 2251 qui

78 2260 177 2321 siam
206 2261 322 2340 putent
352 2280 385 2323 se
415 2280 481 2323 non
512 2258 573 2323 sibi
603 2279 741 2342 parcere.
789 2256 1028 2324 Occurrendum
1057 2280 1134 2343 ergo
1154 2277 1181 2316 ao

113 2347 358 2431 augescentibus
388 2347 476 2412 vitiis
506 2352 538 2412 et
568 2346 759 2412 medendum
791 2352 847 2412 est.
894 2347 1043 2412 Medendi
1070 2370 1135 2411 una

111 2435 209 2517 ratio,
239 2436 267 2499 si
293 2458 360 2500 non
387 2459 535 2519 nummo,
565 2437 620 2501 sed
647 2436 794 2521 partibus
822 2439 926 2502 locem
956 2458 993 2502 ac
1021 2436 1134 2501 deinde

112 2548 151 2588 ex
182 2526 260 2588 meis
291 2526 416 2608 aliquos
445 2527 551 2610 operis
582 2530 759 2609 exactores,
796 2526 944 2591 custodes
974 2525 1133 2590 fructibus

112 2637 239 2698 ponam.
272 2614 317 2677 Et
335 2616 458 2698 alioqui
476 2616 601 2679 nullum
622 2616 737 2680 iustius
757 2637 858 2701 genus
877 2614 1013 2698 reditus,
1037 2637 1132 2698 quam

76 2703 199 2787 equod
230 2709 331 2786 terra,
362 2705 499 2787 caelum,
529 2727 631 2769 annus
662 2705 767 2769 refert.
813 2703 859 2768 At
888 2705 950 2769 hoc
980 2723 1163 2789 magnam2

111 2794 224 2876 fidem,
247 2815 334 2857 acres
359 2795 484 2877 oculos,
507 2816 695 2858 numerosas
714 2815 829 2858 manus
848 2795 962 2876 poscit.
1000 2793 1132 2876 Experi-

111 2882 233 2947 undum
257 2887 365 2946 tamen
389 2888 421 2946 et
445 2884 537 2966 quasi
560 2884 594 2947 in
617 2884 718 2948 veteri
741 2883 854 2947 morbo
879 2883 1041 2966 quaelibet
1064 2904 1132 2945 mu·

76 2972 243 3035 stationis
280 2972 401 3036 auxilia
436 2971 624 3056 temptanda
659 2976 742 3036 sunt.
788 2970 902 3054 Vides,
939 2993 1036 3056 quam
1065 2993 1132 3035 non

112 3060 247 3124 delicata
275 3084 326 3125 me
355 3082 450 3126 causa
479 3061 567 3126 obire
595 3062 735 3144 primum
766 3062 951 3125 consulatus
975 3062 1023 3126 tui
1047 3060 1130 3125 diem

110 3169 177 3212 non
200 3149 297 3233 sinat;
321 3173 416 3233 quem
440 3154 549 3214 tamen
572 3150 626 3215 hic
650 3173 779 3234 quoque
802 3155 840 3214 ut
863 3172 1012 3234 praesens
1036 3150 1131 3231 votis,
1149 3169 1177 3210 eo

110 3238 228 3323 gaudio
234 3288 243 3319 ,
266 3241 481 3323 gratulatione
505 3240 683 3305 celebrabo.
729 3240 818 3304 Vale.

183 3457 196 3503 1
217 3450 323 3505 lassato
338 3469 364 3517 a,
380 3452 466 3505 Merr.
541 3450 593 3503 14*
607 3450 681 3524 (in)
696 3450 734 3519 pl.
750 3469 814 3505 ann.
826 3454 873 3519 (on
887 3448 925 3519 pl.
937 3449 1010 3522 <in>
1026 3466 1090 3503 ann.
1105 3450 1130 3516 ?)

83 3520 195 3593 ,iffaell'
208 3551 242 3560 -
260 3523 365 3578 laam:
374 3521 499 3595 <1n>pl
516 3537 541 3578 a.
553 3521 749 3578 ordinaturum
764 3522 899 3590 detineat,
914 3521 1013 3591 inquo
1029 3524 1064 3590 (ε
1074 3538 1131 3589 qua

71 3600 106 3634 ιιι
122 3591 176 3650 ιθ).
257 3598 294 3646 26
313 3596 350 3649 at
366 3595 425 3650 lice
446 3597 559 3666 caeca,
581 3596 697 3654 adhoc
717 3596 745 3653 D
752 3614 830 3667 pru.
