2400 3862
112 193 176 259 124
489 194 492 200 ‘
548 187 695 244 ortuo
738 217 741 224 ·
814 235 815 238 ,

109 355 200 418 mora
219 356 251 417 et
269 352 402 437 antiqua
419 352 548 417 habent.
589 350 753 436 Frequens
772 351 818 416 ibi
836 355 869 416 et
886 350 975 417 varia
993 352 1130 416 venatio.

73 440 187 508 elude
211 443 348 507 caeduae
371 443 471 507 silvae
494 462 567 506 cum
590 441 662 526 ipso
687 444 795 506 monte
819 440 1024 506 descendunt.
1062 440 1131 507 Has

109 533 193 596 inter
215 531 352 618 pingues
380 530 563 615 terrenique
590 531 687 595 colles
711 528 830 615 (neque
853 530 938 595 enim
961 530 1056 594 facile
1080 551 1131 594 us-

110 643 207 705 quam
231 642 353 702 saxum,
376 621 474 686 etiam
497 620 525 685 si
549 623 730 703 quaeratur,
754 616 908 705 occurrit)
931 620 1130 703 planissimis

110 710 232 794 campis
251 710 417 774 fertilitate
431 730 498 775 non
517 710 634 775 cedunt
649 709 853 793 opimamque
873 730 1010 774 messem
1029 710 1130 774 serius
1151 726 1164 768 s

75 802 246 882 stantum,
273 798 330 864 sed
356 821 423 863 non
453 797 560 863 minus
583 801 794 883 percoquunt.
840 796 907 863 Sub
930 798 982 863 his
1005 820 1063 882 per
1085 800 1130 862 la-

109 892 162 953 tus
191 910 285 953 omne
315 887 439 952 vineae·
457 887 668 974 porriguntur
696 909 858 971 unamque
888 887 1002 951 faciem
1032 888 1130 972 longe

108 978 237 1061 lateque
260 980 450 1060 contexunt3
478 981 614 1060 quarum
637 999 656 1042 a
682 976 746 1042 fine
772 976 902 1060 imoque
931 975 1022 1060 quasi
1049 999 1130 1040 mar·

57 1082 90 1132 10
109 1066 184 1152 gine
207 1066 339 1132 arbusta
361 1069 544 1131 nascuntur.
590 1064 687 1130 Prata
709 1065 784 1131 inde
807 1064 985 1149 campique,
1015 1065 1129 1148 campi,

109 1177 191 1239 quos
213 1177 281 1220 non
302 1156 366 1220 nisi
388 1155 535 1240 ingentes
558 1155 657 1220 boves
680 1159 713 1220 et
734 1154 911 1219 fortissima
934 1158 1039 1219 aratra
1060 1177 1130 1238 per·
1151 1173 1175 1215 m

108 1245 268 1330 fringunt:
241 1244 391 1309 tt'tan
383 1267 410 1310 1s
454 1244 578 1330 glaebis
618 1243 857 1310 tenacissimum
894 1245 1013 1326 solum,
1056 1265 1130 1308 cum

108 1334 250 1417 primum
279 1324 476 1417 prosecatur,
508 1334 729 1420 adsurgitut
759 1354 846 1399 nono
879 1333 1009 1397 demum
1040 1333 1131 1398 sulco

57 1439 88 1487 11
109 1423 324 1506 perdometur.
370 1421 468 1487 Prata
494 1422 610 1488 florida
632 1426 664 1487 e
688 1444 834 1509 gemmea
856 1422 1016 1487 trifolium
1040 1422 1131 1486 alias·

110 1534 172 1596 que
199 1512 316 1576 herbas
346 1515 472 1577 teneras
500 1533 626 1596 semper
653 1515 685 1576 et
671 1511 826 1576 tmolles
854 1515 887 1575 et
915 1511 1008 1594 quasi
1031 1534 1131 1576 novas

110 1602 208 1665 alunt.
256 1599 379 1666 Cuncta
407 1601 492 1666 enim
515 1600 709 1684 perennibus
736 1599 814 1665 rivis
837 1600 1038 1684 nutriuntu13
1066 1601 1132 1682 sed,
1150 1617 1175 1658 1⁶

109 1690 166 1754 ubi
190 1712 291 1774 aquae
318 1689 506 1773 plurimum,
536 1691 629 1774 palus
657 1690 761 1772 nulla,
791 1689 866 1773 quia
894 1690 1014 1753 devexa
1037 1692 1131 1773 terra,

110 1779 266 1863 quidquid
300 1779 435 1863 liquoris
466 1779 590 1863 accepit
621 1800 680 1845 nec
701 1778 891 1862 absorbuit,
929 1778 1065 1843 effundit
1097 1779 1131 1843 in

57 1885 89 1933 12
109 1867 261 1933 Tiberim.
306 1867 429 1934 Medios
453 1867 508 1932 ille
532 1889 627 1953 agros
651 1872 738 1934 secat
760 1867 891 1932 navium
915 1868 1040 1952 patiens
1064 1890 1131 1932 om-

108 1959 229 2042 nesque
256 1957 364 2043 fruges
393 1957 523 2022 devehit
550 1958 585 2022 in
614 1957 736 2040 urbem,
769 1957 876 2022 hieme
904 1958 1071 2021 dumtaxat
1099 1960 1131 2020 et

109 2069 197 2130 vere3
224 2050 345 2112 aestate
372 2047 585 2112 summittitur
612 2047 824 2130 immensique
847 2045 990 2110 fluminis
1013 2067 1131 2110 nomen
1150 2065 1176 2104 ao

56 2152 90 2201 18
110 2137 213 2199 arenti
232 2136 323 2200 alveo
343 2136 471 2218 deserit,
493 2138 649 2200 autumno
668 2136 811 2200 resumit.
852 2134 1005 2220 Magnam
1025 2134 1131 2218 capies

108 2226 319 2308 voluptatem,
347 2225 374 2289 si
396 2225 483 2290 hunc
505 2225 647 2311 regionis
675 2225 773 2290 situm
797 2247 837 2288 ex
864 2228 974 2289 monte
1001 2245 1132 2308 prospe·

108 2314 202 2376 xeris.
247 2312 363 2395 Neque
393 2314 479 2379 enim
508 2318 609 2380 terras
635 2314 709 2397 tibi,
737 2314 792 2379 sed
822 2313 959 2377 formam
991 2313 1131 2396 aliquam

109 2401 148 2466 ad
172 2402 322 2466 eximiam
353 2403 626 2486 pulchritudinem
650 2403 771 2486 pictam
801 2402 960 2467 videberis
990 2424 1130 2468 cernere:

110 2513 147 2554 ea
178 2490 346 2574 varietate,
378 2515 415 2556 ea
452 2493 680 2576 descriptione,
720 2513 924 2576 quocumque
960 2491 1131 2556 inciderint
1150 2508 1175 2550 es

57 2597 91 2646 14
110 2580 209 2663 oculi,
240 2580 433 2645 reficientur.
479 2582 568 2648 Villa
599 2582 634 2646 in
666 2581 748 2646 colle
779 2582 845 2646 imo
881 2582 943 2646 sita
974 2580 1131 2665 prospicit

111 2669 203 2753 quasi
233 2691 272 2732 ex
295 2691 435 2734 summo:
463 2672 510 2735 ita
536 2671 652 2736 leniter
679 2674 711 2735 et
739 2671 856 2735 sensim
885 2671 969 2734 clivo
998 2670 1131 2735 fallente

110 2758 288 2844 consurgit,
321 2763 371 2838 ut,
404 2781 477 2823 eum
510 2760 680 2825 ascendere
713 2763 744 2824 te
776 2782 842 2823 non
873 2763 980 2842 putes,
1011 2759 1130 2824 sentias

110 2848 299 2913 ascendisse.
344 2845 489 2933 Atergo
513 2847 752 2933 Appenninum,
780 2849 836 2913 sed
862 2848 992 2932 longius
1020 2848 1130 2932 habet3

110 2937 228 3021 accipit
251 2937 290 3001 ab
313 2937 376 3001 hoc
399 2960 492 3001 auras
521 2939 700 3021 quamlibet
722 2959 833 3002 sereno
862 2941 894 3001 et
916 2937 1044 3021 placido
1069 2937 1129 3020 die,
1148 2955 1174 2994 ευ

109 3048 176 3090 non
199 3030 307 3090 tamen
330 3048 417 3091 acres
441 3030 473 3090 et
499 3027 690 3110 inmodicas,
719 3027 774 3091 sed
801 3027 907 3110 spatio
935 3026 1006 3110 ipso
1030 3028 1130 3091 lassas

57 3132 90 3180 15
110 3119 143 3179 et
165 3115 326 3180 infractas.
371 3115 489 3201 Magna
516 3116 566 3180 sui
589 3120 680 3201 parte
703 3115 869 3179 meridiem
892 3118 1016 3199 spectat
1039 3116 1131 3180 aesti-

106 3226 250 3287 vumque
273 3206 374 3270 solem
398 3205 438 3269 ab
460 3204 541 3268 hora
565 3209 663 3289 sexta,
686 3204 856 3269 hibernum
875 3205 1041 3289 aliquanto
1066 3227 1130 3268 ma·

109 3294 213 3357 turius
243 3294 333 3377 quasi
364 3294 480 3358 invitat
508 3293 543 3358 in
570 3294 756 3445 porticumt
761 3295 860 3357 latam
890 3298 922 3358 et
945 3316 1004 3378 pro
1032 3295 1129 3358 modo

108 3383 248 3466 longam
295 3382 379 3447 Mult
365 3387 399 3447 ta
417 3383 451 3448 in
469 3384 530 3447 hac
547 3384 742 3465 membra,a
742 3382 841 3447 trium
861 3383 957 3447 etiam
978 3405 1017 3448 ex
1040 3405 1129 3448 more
1149 3397 1175 3438 ³⁵

164 3506 202 3553 34
218 3520 276 3571 pro
296 3505 385 3561 modo
405 3505 475 3578 long
476 3522 524 3561 am
542 3504 669 3575 RFDp
675 3521 731 3574 ru,
750 3505 827 3571 K.‚I
848 3505 917 3570 Otto,
937 3504 1046 3571 Meelt,
1064 3519 1129 3571 pro-

70 3567 225 3627 minulam
244 3575 294 3644 M,
317 3580 356 3634 K
373 3581 419 3637 II
438 3586 504 3654 (pro
528 3578 616 3638 modo
638 3577 726 3634 vitiae
745 3575 893 3647 tongam?
914 3575 986 3643 dtsp
998 3576 1059 3641 lp
1076 3577 1132 3641 21t
