2400 3862
124 217 187 283 196
561 212 702 268 canuc

87 378 229 443 ‘itum‘l'
267 377 339 442 Hoc
361 399 470 459 nepos.
507 375 552 441 At
574 378 703 442 hercule
727 377 913 441 alienissimi
937 378 1085 443 homines
1106 380 1147 443 'in

120 469 276 532 honorem
301 466 518 543 Quadratillae
543 464 657 552 (pudet
680 489 730 531 me
754 467 872 532 dixisse
894 465 1066 555 honorem)
1087 491 1147 551 per

121 557 315 622 adulationis
331 555 474 620 officium
493 557 527 619 in
545 555 708 620 theatrum
724 556 931 638 cursitabant,
946 557 1147 640 exultabant,

120 646 331 731 plaudebant,
359 644 559 708 mirabantur
586 666 623 709 ac
654 645 766 709 deinde
790 645 936 731 singulos
960 649 1069 731 gestus
1089 647 1147 711 do·

121 737 226 800 minae
256 757 328 800 cum
360 734 493 799 canticis
523 733 711 817 reddebant,
739 734 795 818 qui
822 756 909 799 nunc
937 735 1177 820 exiguissimae

120 825 241 908 legata,
281 823 447 888 theatralis
490 845 604 907 operae
646 823 864 906 corollarium,
907 824 1066 907 accipient
1106 826 1147 889 ab

85 927 101 976 8
120 913 251 995 herede,
274 913 330 996 qui
353 935 419 977 non
443 912 617 996 spectabat.
663 911 767 995 Haeo,
790 913 866 996 quia
894 913 992 995 soles,
1016 912 1043 976 si
1068 914 1147 996 quid

121 1001 234 1066 incidit
255 1002 345 1085 novi,
369 1022 435 1065 non
454 1001 575 1066 invitus
594 1001 719 1085 audire,
741 1002 855 1066 deinde
875 1002 950 1085 quia
968 1003 1147 1066 iucundum

121 1095 169 1157 est
192 1091 286 1174 mihi,
310 1091 396 1174 quod
420 1113 581 1174 ceperam,
603 1091 757 1176 gaudium
776 1091 943 1156 scribendo
963 1095 1146 1156 retractare.

123 1181 254 1246 Gaudeo
279 1182 364 1245 enirn
388 1181 507 1264 pietate
531 1181 714 1264 defunctae,
732 1181 854 1244 honore
874 1181 992 1264 optimi
1009 1180 1147 1264 iuvenis,
1165 1201 1189 1240 ιο

121 1271 225 1335 laetor
243 1270 353 1348 etiam,
373 1270 460 1353 quod
480 1271 594 1334 domus
614 1270 787 1354 aliquando
807 1267 839 1333 (l.
856 1267 952 1352 Cassi,
971 1269 1069 1334 huius
1088 1271 1146 1353 qui

123 1359 292 1424 Cassianae
307 1360 435 1424 scholae
450 1361 600 1443 princeps
615 1363 648 1424 et
661 1381 776 1442 parens
790 1358 863 1441 fuit,
877 1358 993 1422 serviet
1012 1359 1145 1423 domino

85 1465 100 1512 9
120 1472 186 1513 non
198 1449 322 1513 minori.
346 1448 499 1532 Implebit
510 1448 595 1513 enim
607 1449 697 1513 illam
710 1446 890 1525 Quadratus
906 1469 995 1512 meus
1010 1452 1042 1512 et
1057 1447 1147 1513 dece·

120 1538 169 1602 bit
187 1559 361 1620 rursusque
380 1539 409 1602 ei
424 1538 593 1620 pristinam
608 1537 809 1623 dignitatem,
828 1537 1056 1620 celebritatem,
1076 1539 1146 1623 glo·
1174 1588 1176 1594 r

119 1627 199 1690 riam
210 1626 329 1708 reddet,
339 1649 412 1692 cum
422 1630 650 1713 tantusorator
660 1626 733 1690 inde
744 1626 904 1709 procedet,
914 1630 1054 1709 quantus
1064 1627 1145 1692 iuris
1165 1645 1188 1685 ιε

118 1716 173 1778 ille
198 1716 372 1779 consultus.
419 1715 506 1778 Vale.
541 1718 545 1729 '

585 1863 676 1920 XXV.

401 1989 431 2039 C.
447 1990 594 2039 PLINIUS
614 1989 712 2039 RUFO
737 1990 806 2040 SUO
827 1991 854 2040 S.

85 2125 98 2172 1
187 2107 214 2172 Ο
253 2112 409 2190 quantum
446 2106 644 2171 eruditorum
682 2111 737 2172 aut
774 2109 931 2173 modestia
963 2112 1019 2172 aut
1053 2109 1145 2192 quies

119 2200 263 2281 ipsorum
283 2197 388 2282 operit
406 2218 443 2262 ac
462 2196 622 2261 subtrahit
641 2197 758 2260 famael
800 2195 845 2261 At
864 2219 923 2262 nos
944 2219 998 2263 eos
1017 2202 1146 2263 tantum
1164 2227 1190 2267 u

120 2288 237 2351 dicturi
271 2288 393 2370 aliquid
426 2290 482 2350 aut
513 2285 629 2351 lecturi
660 2287 827 2369 timemus,
860 2288 916 2370 qui
931 2325 933 2329 ,
948 2287 1055 2352 studia
1087 2309 1147 2352 sua

118 2376 301 2459 proferunt,
324 2397 397 2441 cum
421 2376 484 2458 illi,
507 2376 562 2458 qui
585 2379 707 2458 tacent,
724 2376 787 2440 hoc
811 2376 948 2459 amplius
973 2381 1146 2461 praestent,

119 2466 206 2548 quod
239 2466 414 2529 maximum
453 2487 534 2548 opus
572 2465 699 2529 silentio
732 2470 925 2531 reverentur.
980 2465 1144 2549 Expertus

123 2555 238 2637 scribe,
262 2554 348 2636 quod
372 2555 486 2620 scribo.

83 2661 99 2708 a
188 2643 356 2708 Terentius
388 2642 499 2708 Iunior
531 2643 733 2726 equestribus
766 2643 890 2707 militiis
923 2649 1019 2727 atque
1047 2644 1146 2708 etiam
1163 2671 1189 2712 ss

119 2732 344 2818 procuratione
358 2732 579 2797 Narbonensis
594 2733 778 2815 provinciae
792 2733 998 2817 integerrime
1012 2733 1144 2798 firnctus

118 2823 240 2906 recepit
268 2844 301 2886 se
333 2823 368 2886 in
396 2843 491 2907 agros
524 2843 599 2885 suos
631 2822 817 2905 paratisque
849 2823 1026 2886 honoribus
1058 2826 1144 2886 tran-

84 2928 99 2975 3
120 2912 348 2995 quillissimum
374 2912 476 2975 otium
500 2910 661 2994 praetulit.
707 2911 804 2976 Hunc
827 2933 886 2996 ego
911 2912 1066 2975 invitatus
1085 2911 1142 2976 ho·

119 3002 216 3083 spitio
241 3006 277 3065 ut
301 3001 421 3065 bonum
445 3004 568 3084 patrem
597 3000 751 3083 familiae,
780 3005 816 3064 ut
844 3000 1030 3086 diligentem
1062 3001 1144 3086 agri-

119 3092 222 3155 colam
247 3091 395 3155 intuebar
418 3091 456 3154 de
479 3091 530 3154 his
553 3091 733 3172 locuturus,
757 3089 791 3153 in
815 3089 932 3171 quibus
956 3090 1047 3154 illum
1076 3112 1144 3154 ver·
1162 3119 1189 3159 ao

120 3179 182 3243 sari
211 3180 381 3263 putabam,
414 3184 446 3243 et
474 3201 657 3263 coeperam,
687 3200 759 3243 cum
791 3179 846 3242 ille
876 3201 927 3243 me
956 3179 1143 3244 doctissimo

82 3287 98 3333 4
118 3290 264 3333 sermone
283 3270 446 3333 revocavit
464 3270 504 3333 ad
524 3268 636 3333 studia.
683 3265 786 3344 Quam
804 3272 890 3332 tersa
908 3269 1028 3351 omnia,
1047 3289 1144 3352 quam
1170 3291 1173 3296 ·

118 3358 246 3437 Latina,
280 3381 376 3442 quam
409 3356 541 3422 Graeca!
588 3355 671 3422 Nam
704 3360 830 3421 tantum
862 3361 999 3441 utraque
1030 3357 1144 3443 lingua

173 3533 235 3583 19*
247 3534 304 3601 ips.
321 3537 376 3589 aut
396 3535 478 3604 quies
497 3534 584 3603 codd,
604 3533 675 3602 edd,
694 3535 746 3588 aut
761 3533 842 3602 quies
855 3533 909 3601 ips.
923 3549 978 3602 eqo.
1053 3537 1087 3586 28
1107 3533 1142 3599 cf.

78 3597 170 3664 prop·
183 3603 280 3672 1134,
297 3612 322 3662 3.
406 3615 443 3664 32
465 3612 526 3666 tam
544 3609 640 3666 latina
653 3620 707 3677 rs,
728 3605 874 3677 qualrat„
892 3619 951 3670 qua
961 3602 1035 3655 <aar
1053 3604 1152 3667 Maelt.
