2400 3862
352 201 612 257 EPISTULARUM
631 202 644 256 Ι
663 202 760 257 22-11
780 209 803 255 1.
1048 206 1090 270 29

527 371 634 430 XXIV.

252 479 281 530 G.
295 480 443 531 PLINIUS
462 480 596 531 BAEBIO
616 479 775 530 HISPANO
796 480 865 530 SUO
886 480 913 530 S.

10 658 12 667 Ι
157 571 350 663 l'rmquillus,
364 579 603 645 contubernalis
617 600 721 662 meus,
736 581 807 643 vult
825 602 928 644 emere
943 580 1093 665 agellum,
1113 596 1127 642 1

118 680 181 742 quen
210 669 370 734 venditare
402 669 523 734 amicus
559 673 635 734 tuus
672 669 799 734 dicitur.
853 669 948 755 Rogo
993 685 1127 751 curcua

94 755 193 830 simo
211 779 344 843 aequum
374 763 438 841 cst,
459 762 558 842 emat3
588 759 634 822 ita
662 759 747 822 enim
776 757 948 822 delectabit
971 757 1093 821 emisse.

109 834 169 908 Nau
187 849 265 912 mala
283 848 404 933 emptio
424 870 550 931 semper
564 849 692 933 ingrata
710 850 759 911 est
778 869 815 911 eo
836 847 986 930 maxime,
1007 847 1094 929 quod

108 935 264 1013 exprobrare
294 937 465 1002 stultitiam
493 937 624 1001 domino
651 936 786 1000 videtur.
832 934 871 1000 In
897 936 960 1000 hoc
988 940 1129 1001 autema

106 1020 195 1109 uelo,
216 1026 242 1091 si
265 1026 363 1092 modo
386 1026 533 1092 adriserit
560 1025 712 1111 pretium,
737 1025 917 1109 Tranquilli
940 1025 1003 1089 mei
1031 1028 1095 1088 sto·

105 1111 222 1206 bachum
244 1116 348 1181 multa
370 1116 559 1198 sollicitant,
576 1115 725 1180 vicinitas
744 1114 845 1194 urbis,
870 1115 1095 1198 opportunitas

10 1219 13 1223 ’
71 1207 165 1283 busa,
183 1205 384 1270 mediocritas
398 1205 507 1287 villae,
531 1204 646 1269 modus
664 1205 761 1287 ruris,
786 1204 842 1286 qui
860 1207 973 1268 avocet
991 1204 1094 1288 magis

102 1302 174 1364 ‘luam
198 1293 379 1380 distringat.
430 1292 637 1359 Scholasticis
667 1315 764 1377 porro
794 1293 946 1376 dominis,
978 1297 1014 1356 ut
1041 1293 1130 1357 hicn

101 1377 144 1456 ost,
160 1383 276 1448 sufficit
299 1382 425 1447 abunde
443 1387 569 1448 tantum
593 1384 663 1462 soli,
681 1387 719 1446 ut
741 1383 882 1447 relevare
911 1385 1020 1464 caput,
1048 1404 1096 1445 re·

100 1458 172 1534 ficere
197 1473 323 1556 oculos,
353 1477 480 1556 raptare
508 1495 565 1557 per
591 1473 728 1537 limitem
763 1493 924 1555 unamque
948 1471 1095 1535 semitam

98 1549 178 1624 broie
199 1562 369 1645 omnisque
392 1562 541 1626 viticulas
570 1583 643 1626 suas
666 1583 761 1627 nosse
792 1565 825 1625 et
852 1582 1021 1625 numerare
1048 1583 1097 1623 ar-

10 1674 13 1721 :
63 1648 83 1688 ¹⁶
98 1634 224 1715 buculae
243 1651 378 1734 possint.
415 1650 504 1714 Haec
521 1651 583 1714 tibi
602 1651 751 1735 exposui,
776 1673 839 1735 quo
864 1651 967 1736 magis
990 1650 1096 1733 scires,

97 1742 232 1828 lllssntum
255 1743 339 1804 esset
361 1739 416 1803 ille
440 1739 536 1823 mihi,
566 1762 626 1824 ego
655 1741 716 1804 tibi
744 1740 924 1823 debiturus,
952 1740 980 1804 si
1008 1762 1097 1823 prae-

95 1813 198 1893 diolum
229 1828 332 1911 istud,
365 1828 452 1912 quod
484 1828 727 1893 commendatur
759 1829 809 1892 his
847 1829 990 1911 dotibus,
1029 1832 1096 1892 tam

94 1908 247 1983 salubriter
270 1918 397 1999 emerit,
420 1921 457 1982 ut
480 1918 694 2002 paenitentiae
716 1920 824 1983 locum
843 1940 909 1982 non
927 1918 1096 2000 relinquat.

94 1987 168 2070 Vale.

478 2133 693 2142 —-

57 2323 78 2363 ²⁰
264 2303 300 2378 O.
323 2304 458 2377 PLINI
486 2303 675 2377 suncini
703 2304 911 2378 SECUNDI

231 2463 720 2562 EPISTULA
743 2466 790 2562 R
815 2466 861 2563 U
885 2464 942 2560 M

389 2648 522 2713 ninus
545 2647 785 2716 succubus

579 2923 602 2980 I.

337 3031 367 3081 Ο.
382 3030 530 3081 PLINIUS
549 3032 700 3082 ROMANO
722 3032 790 3082 SUO
812 3031 839 3080 S.

54 3127 74 3171 ¹⁶
140 3129 220 3197 Post
243 3130 368 3214 aliquot
390 3151 491 3217 annos
510 3131 637 3218 insigne
660 3136 757 3214 atque
776 3131 873 3195 etiam
892 3130 1099 3194 memorabile
1119 3143 1133 3189 1

84 3220 192 3304 populi
215 3217 355 3286 Romani
378 3220 480 3285 oculis
512 3221 730 3304 spectaculum
759 3219 905 3284 exhibuit
933 3220 1099 3303 publicum

85 3305 175 3374 funus
198 3308 334 3395 Vergini
355 3309 447 3391 Rufi,
469 3309 601 3373 maximi
625 3314 657 3374 et
680 3309 850 3374 clarissimi
874 3308 952 3372 civis
976 3312 1009 3372 et
1031 3330 1100 3392 per-

150 3474 166 3523 6
194 3469 238 3522 est
265 3467 443 3536 RFprc,
482 3467 552 3535 Otto,
579 3468 688 3533 Maeli,
711 3482 762 3521 om.
783 3467 821 3520 M
829 3467 890 3532 Vs,
922 3466 971 3532 K,
994 3465 1101 3533 Staaql.

84 3540 114 3591 16
141 3540 216 3593 esset
240 3538 290 3591 ille
317 3540 359 3592 M
366 3539 395 3605 V,
423 3540 471 3606 K,
495 3537 545 3596 ille
574 3541 650 3596 essct
680 3539 846 3612 Rupis,
873 3537 992 3608 Stcupl,
1015 3534 1124 3590 Moab.

75 3611 109 3657 27
123 3607 198 3673 Vetg.
212 3608 360 3677 BFBp,
384 3609 462 3682 Virg.
482 3615 546 3672 rell.
568 3649 603 3657 ω
625 3617 751 3675 ultorum
772 3616 803 3672 et
823 3612 999 3681 Moru,
1013 3601 1148 3662 emant.
