<?xml version="1.0" encoding="UTF-8"?>
<!DOCTYPE html PUBLIC "-//W3C//DTD XHTML 1.0 Transitional//EN"
    "http://www.w3.org/TR/xhtml1/DTD/xhtml1-transitional.dtd">
<html xmlns="http://www.w3.org/1999/xhtml" xml:lang="en" lang="en">
 <head>
  <title>
</title>
<meta http-equiv="Content-Type" content="text/html;charset=utf-8" />
  <meta name='ocr-system' content='tesseract 3.04.00' />
  <meta name='ocr-capabilities' content='ocr_page ocr_carea ocr_par ocr_line ocrx_word'/>
</head>
<body>
  <div class='ocr_page' id='page_1' title='image "./cplinicaecilise00kukugoog_0156.png"; bbox 0 0 2400 3862; ppageno 0'>
   <div class='ocr_carea' id='block_1_1' title="bbox 382 213 1111 284">
    <p class='ocr_par' dir='ltr' id='par_1_1' title="bbox 382 213 1111 284">
     <span class='ocr_line' id='line_1_1' title="bbox 382 213 1111 284; baseline 0.023 -16"><span class='ocrx_word' id='word_1_1' title='bbox 382 213 643 284; x_wconf 73' lang='lat' dir='ltr'><strong>EPISTULARUM</strong></span> <span class='ocrx_word' id='word_1_2' title='bbox 661 215 687 270; x_wconf 86' lang='lat' dir='ltr'><strong>V</strong></span> <span class='ocrx_word' id='word_1_3' title='bbox 706 221 820 271; x_wconf 77' lang='lat'>14-17.</span> <span class='ocrx_word' id='word_1_4' title='bbox 1047 218 1111 284; x_wconf 86' lang='lat'>139</span> 
     </span>
    </p>
   </div>
   <div class='ocr_carea' id='block_1_2' title="bbox 48 377 1168 2962">
    <p class='ocr_par' dir='ltr' id='par_1_2' title="bbox 48 377 1168 2962">
     <span class='ocr_line' id='line_1_2' title="bbox 92 377 1111 466; baseline 0.001 -23"><span class='ocrx_word' id='word_1_5' title='bbox 92 379 280 444; x_wconf 83' lang='lat' dir='ltr'>destitutam</span> <span class='ocrx_word' id='word_1_6' title='bbox 312 377 457 464; x_wconf 89' lang='lat' dir='ltr'>corporis</span> <span class='ocrx_word' id='word_1_7' title='bbox 473 379 611 444; x_wconf 83' lang='lat' dir='ltr'>.viribus</span> <span class='ocrx_word' id='word_1_8' title='bbox 643 379 754 466; x_wconf 86' lang='lat' dir='ltr'>vigore</span> <span class='ocrx_word' id='word_1_9' title='bbox 790 379 890 444; x_wconf 92' lang='lat' dir='ltr'>animi</span> <span class='ocrx_word' id='word_1_10' title='bbox 923 380 1111 445; x_wconf 87' lang='lat' dir='ltr'>sustinebat.</span> 
     </span>
     <span class='ocr_line' id='line_1_3' title="bbox 92 467 1147 554; baseline 0 -21"><span class='ocrx_word' id='word_1_11' title='bbox 92 467 231 533; x_wconf 77' lang='lat' dir='ltr'><strong>Duravit</strong></span> <span class='ocrx_word' id='word_1_12' title='bbox 258 468 312 534; x_wconf 89' lang='lat' dir='ltr'>hie</span> <span class='ocrx_word' id='word_1_13' title='bbox 341 467 391 532; x_wconf 94' lang='lat' dir='ltr'>illi</span> <span class='ocrx_word' id='word_1_14' title='bbox 420 489 523 554; x_wconf 90' lang='lat' dir='ltr'>usque</span> <span class='ocrx_word' id='word_1_15' title='bbox 553 469 592 534; x_wconf 89' lang='lat' dir='ltr'>ad</span> <span class='ocrx_word' id='word_1_16' title='bbox 622 473 801 534; x_wconf 75' lang='lat' dir='ltr'>extremm</span> <span class='ocrx_word' id='word_1_17' title='bbox 831 490 891 534; x_wconf 91' lang='lat' dir='ltr'>nec</span> <span class='ocrx_word' id='word_1_18' title='bbox 921 472 978 534; x_wconf 90' lang='lat' dir='ltr'>aut</span> <span class='ocrx_word' id='word_1_19' title='bbox 1007 470 1147 553; x_wconf 74' lang='lat' dir='ltr'>spatior</span> 
     </span>
     <span class='ocr_line' id='line_1_4' title="bbox 91 557 1111 642; baseline 0.001 -20"><span class='ocrx_word' id='word_1_20' title='bbox 91 557 284 624; x_wconf 81' lang='lat' dir='ltr'>valetudinis</span> <span class='ocrx_word' id='word_1_21' title='bbox 307 561 366 624; x_wconf 92' lang='lat' dir='ltr'>aut</span> <span class='ocrx_word' id='word_1_22' title='bbox 392 561 481 623; x_wconf 91' lang='lat' dir='ltr'>metu</span> <span class='ocrx_word' id='word_1_23' title='bbox 507 558 622 624; x_wconf 83' lang='lat' dir='ltr'>mortis</span> <span class='ocrx_word' id='word_1_24' title='bbox 645 558 800 624; x_wconf 80' lang='lat' dir='ltr'>infractus</span> <span class='ocrx_word' id='word_1_25' title='bbox 825 562 886 638; x_wconf 88' lang='lat' dir='ltr'>est,</span> <span class='ocrx_word' id='word_1_26' title='bbox 914 580 979 642; x_wconf 91' lang='lat' dir='ltr'>quo</span> <span class='ocrx_word' id='word_1_27' title='bbox 1003 559 1111 642; x_wconf 79' lang='lat' dir='ltr'>plures</span> 
     </span>
     <span class='ocr_line' id='line_1_5' title="bbox 93 646 1113 733; baseline 0.002 -23"><span class='ocrx_word' id='word_1_28' title='bbox 93 646 322 733; x_wconf 80' lang='lat' dir='ltr'>gravioresque</span> <span class='ocrx_word' id='word_1_29' title='bbox 351 646 446 712; x_wconf 92' lang='lat' dir='ltr'>nobis</span> <span class='ocrx_word' id='word_1_30' title='bbox 476 669 588 713; x_wconf 80' lang='lat' dir='ltr'><strong>causas</strong></span> <span class='ocrx_word' id='word_1_31' title='bbox 617 648 814 731; x_wconf 90' lang='lat' dir='ltr'>relinqueret</span> <span class='ocrx_word' id='word_1_32' title='bbox 842 651 876 712; x_wconf 91' lang='lat' dir='ltr'>et</span> <span class='ocrx_word' id='word_1_33' title='bbox 902 647 1054 713; x_wconf 89' lang='lat' dir='ltr'>desiderii</span> <span class='ocrx_word' id='word_1_34' title='bbox 1080 651 1113 712; x_wconf 90' lang='lat' dir='ltr'>et</span> 
     </span>
     <span class='ocr_line' id='line_1_6' title="bbox 60 735 1148 820; baseline -0.006 -14"><span class='ocrx_word' id='word_1_35' title='bbox 60 736 222 806; x_wconf 87' lang='lat' dir='ltr'>sdoloris.</span> <span class='ocrx_word' id='word_1_36' title='bbox 268 735 295 802; x_wconf 95' lang='grc' dir='ltr'>Ο</span> <span class='ocrx_word' id='word_1_37' title='bbox 325 736 417 802; x_wconf 89' lang='lat' dir='ltr'>triste</span> <span class='ocrx_word' id='word_1_38' title='bbox 447 737 543 820; x_wconf 85' lang='lat' dir='ltr'>plane</span> <span class='ocrx_word' id='word_1_39' title='bbox 572 737 786 820; x_wconf 88' lang='lat' dir='ltr'>acerbumque</span> <span class='ocrx_word' id='word_1_40' title='bbox 815 737 926 802; x_wconf 86' lang='lat' dir='ltr'>funusl</span> <span class='ocrx_word' id='word_1_41' title='bbox 956 758 975 801; x_wconf 95' lang='lat' dir='ltr'>o</span> <span class='ocrx_word' id='word_1_42' title='bbox 1008 739 1148 801; x_wconf 82' lang='lat' dir='ltr'>mortes</span> 
     </span>
     <span class='ocr_line' id='line_1_7' title="bbox 91 825 1113 913; baseline 0.001 -24"><span class='ocrx_word' id='word_1_43' title='bbox 91 825 163 908; x_wconf 90' lang='lat' dir='ltr'>ipsa</span> <span class='ocrx_word' id='word_1_44' title='bbox 203 825 318 890; x_wconf 88' lang='lat' dir='ltr'>mortis</span> <span class='ocrx_word' id='word_1_45' title='bbox 352 830 481 910; x_wconf 89' lang='lat' dir='ltr'>tempus</span> <span class='ocrx_word' id='word_1_46' title='bbox 519 826 698 913; x_wconf 74' lang='lat' dir='ltr'>indignius!</span> <span class='ocrx_word' id='word_1_47' title='bbox 742 825 806 890; x_wconf 92' lang='lat' dir='ltr'>iam</span> <span class='ocrx_word' id='word_1_48' title='bbox 844 826 1004 891; x_wconf 86' lang='lat' dir='ltr'>destinata</span> <span class='ocrx_word' id='word_1_49' title='bbox 1044 829 1113 890; x_wconf 88' lang='lat' dir='ltr'>erat</span> 
     </span>
     <span class='ocr_line' id='line_1_8' title="bbox 91 914 1112 1000; baseline 0 -21"><span class='ocrx_word' id='word_1_50' title='bbox 91 914 221 1000; x_wconf 86' lang='lat' dir='ltr'>egregio</span> <span class='ocrx_word' id='word_1_51' title='bbox 245 914 367 1000; x_wconf 81' lang='lat' dir='ltr'>iuveni,</span> <span class='ocrx_word' id='word_1_52' title='bbox 396 915 462 981; x_wconf 89' lang='lat' dir='ltr'>iam</span> <span class='ocrx_word' id='word_1_53' title='bbox 489 916 609 981; x_wconf 92' lang='lat' dir='ltr'>electus</span> <span class='ocrx_word' id='word_1_54' title='bbox 639 915 826 1000; x_wconf 76' lang='lat' dir='ltr'>nuptiarum</span> <span class='ocrx_word' id='word_1_55' title='bbox 855 915 935 999; x_wconf 89' lang='lat' dir='ltr'>dies,</span> <span class='ocrx_word' id='word_1_56' title='bbox 965 915 1029 979; x_wconf 89' lang='lat' dir='ltr'>iam</span> <span class='ocrx_word' id='word_1_57' title='bbox 1052 936 1112 981; x_wconf 91' lang='lat' dir='ltr'>nos</span> 
     </span>
     <span class='ocr_line' id='line_1_9' title="bbox 91 1002 1148 1089; baseline 0.001 -22"><span class='ocrx_word' id='word_1_58' title='bbox 91 1005 206 1069; x_wconf 87' lang='lat' dir='ltr'>vocati.</span> <span class='ocrx_word' id='word_1_59' title='bbox 234 1002 329 1081; x_wconf 82' lang='lat' dir='ltr'>Quod</span> <span class='ocrx_word' id='word_1_60' title='bbox 347 1003 501 1089; x_wconf 88' lang='lat' dir='ltr'>gaudium</span> <span class='ocrx_word' id='word_1_61' title='bbox 521 1025 586 1088; x_wconf 89' lang='lat' dir='ltr'>quo</span> <span class='ocrx_word' id='word_1_62' title='bbox 605 1025 748 1069; x_wconf 88' lang='lat' dir='ltr'>maerore</span> <span class='ocrx_word' id='word_1_63' title='bbox 766 1006 927 1068; x_wconf 88' lang='lat' dir='ltr'>mutatum</span> <span class='ocrx_word' id='word_1_64' title='bbox 946 1005 1008 1069; x_wconf 79' lang='lat' dir='ltr'>esti</span> <span class='ocrx_word' id='word_1_65' title='bbox 1023 1002 1113 1070; x_wconf 76' lang='lat' dir='ltr'>¹Non</span> <span class='ocrx_word' id='word_1_66' title='bbox 1132 1019 1148 1068; x_wconf 72' lang='lat'><strong>7</strong></span> 
     </span>
     <span class='ocr_line' id='line_1_10' title="bbox 91 1092 1113 1177; baseline -0.001 -18"><span class='ocrx_word' id='word_1_67' title='bbox 91 1114 225 1177; x_wconf 88' lang='lat' dir='ltr'>possum</span> <span class='ocrx_word' id='word_1_68' title='bbox 248 1092 426 1177; x_wconf 79' lang='lat' dir='ltr'>exprimere</span> <span class='ocrx_word' id='word_1_69' title='bbox 449 1092 569 1176; x_wconf 86' lang='lat' dir='ltr'>verbis,</span> <span class='ocrx_word' id='word_1_70' title='bbox 597 1097 754 1176; x_wconf 89' lang='lat' dir='ltr'>quantum</span> <span class='ocrx_word' id='word_1_71' title='bbox 781 1093 890 1157; x_wconf 90' lang='lat' dir='ltr'>animo</span> <span class='ocrx_word' id='word_1_72' title='bbox 917 1094 1036 1158; x_wconf 78' lang='lat' dir='ltr'>vulnus</span> <span class='ocrx_word' id='word_1_73' title='bbox 1063 1115 1113 1158; x_wconf 87' lang='lat' dir='ltr'>ac·</span> 
     </span>
     <span class='ocr_line' id='line_1_11' title="bbox 49 1181 1114 1266; baseline -0.003 -16"><span class='ocrx_word' id='word_1_74' title='bbox 49 1181 244 1265; x_wconf 82' lang='lat' dir='ltr'>receperim,</span> <span class='ocrx_word' id='word_1_75' title='bbox 272 1203 345 1247; x_wconf 89' lang='lat' dir='ltr'>eum</span> <span class='ocrx_word' id='word_1_76' title='bbox 369 1181 477 1247; x_wconf 84' lang='lat' dir='ltr'>audivi</span> <span class='ocrx_word' id='word_1_77' title='bbox 501 1181 692 1247; x_wconf 84' lang='lat' dir='ltr'>Fundanum</span> <span class='ocrx_word' id='word_1_78' title='bbox 714 1181 837 1266; x_wconf 83' lang='lat' dir='ltr'>ipsum,</span> <span class='ocrx_word' id='word_1_79' title='bbox 864 1185 900 1245; x_wconf 89' lang='lat' dir='ltr'>ut</span> <span class='ocrx_word' id='word_1_80' title='bbox 922 1182 1026 1246; x_wconf 92' lang='lat' dir='ltr'>multa</span> <span class='ocrx_word' id='word_1_81' title='bbox 1047 1183 1114 1247; x_wconf 89' lang='lat' dir='ltr'>luc·</span> 
     </span>
     <span class='ocr_line' id='line_1_12' title="bbox 91 1270 1115 1355; baseline 0 -20"><span class='ocrx_word' id='word_1_82' title='bbox 91 1275 203 1336; x_wconf 77' lang='lat' dir='ltr'>tuosa&#39;</span> <span class='ocrx_word' id='word_1_83' title='bbox 223 1271 316 1336; x_wconf 90' lang='lat' dir='ltr'>dolor</span> <span class='ocrx_word' id='word_1_84' title='bbox 352 1271 490 1354; x_wconf 85' lang='lat' dir='ltr'>invenit,</span> <span class='ocrx_word' id='word_1_85' title='bbox 523 1271 787 1355; x_wconf 77' lang='lat' dir='ltr'>praecipientem,</span> <span class='ocrx_word' id='word_1_86' title='bbox 822 1270 909 1354; x_wconf 92' lang='lat' dir='ltr'>quod</span> <span class='ocrx_word' id='word_1_87' title='bbox 939 1271 973 1335; x_wconf 92' lang='lat' dir='ltr'>in</span> <span class='ocrx_word' id='word_1_88' title='bbox 1000 1275 1115 1354; x_wconf 86' lang='lat' dir='ltr'>vestes,</span> 
     </span>
     <span class='ocr_line' id='line_1_13' title="bbox 91 1359 1114 1446; baseline -0.001 -22"><span class='ocrx_word' id='word_1_89' title='bbox 91 1360 298 1445; x_wconf 78' lang='lat' dir='ltr'>margaritas,</span> <span class='ocrx_word' id='word_1_90' title='bbox 322 1382 465 1446; x_wconf 86' lang='lat' dir='ltr'>gemmas</span> <span class='ocrx_word' id='word_1_91' title='bbox 488 1360 594 1425; x_wconf 89' lang='lat' dir='ltr'>fuerat</span> <span class='ocrx_word' id='word_1_92' title='bbox 617 1363 820 1445; x_wconf 80' lang='lat' dir='ltr'>erogaturus,</span> <span class='ocrx_word' id='word_1_93' title='bbox 847 1360 910 1425; x_wconf 92' lang='lat' dir='ltr'>hoc</span> <span class='ocrx_word' id='word_1_94' title='bbox 933 1359 968 1425; x_wconf 90' lang='lat' dir='ltr'>in</span> <span class='ocrx_word' id='word_1_95' title='bbox 990 1362 1063 1424; x_wconf 90' lang='lat' dir='ltr'>tura</span> <span class='ocrx_word' id='word_1_96' title='bbox 1082 1364 1114 1424; x_wconf 90' lang='lat' dir='ltr'>et</span> 
     </span>
     <span class='ocr_line' id='line_1_14' title="bbox 91 1448 1149 1536; baseline -0.004 -21"><span class='ocrx_word' id='word_1_97' title='bbox 91 1454 258 1536; x_wconf 87' lang='lat' dir='ltr'>unguenta</span> <span class='ocrx_word' id='word_1_98' title='bbox 294 1454 326 1515; x_wconf 89' lang='lat' dir='ltr'>et</span> <span class='ocrx_word' id='word_1_99' title='bbox 357 1450 471 1515; x_wconf 88' lang='lat' dir='ltr'>odores</span> <span class='ocrx_word' id='word_1_100' title='bbox 503 1449 750 1533; x_wconf 87' lang='lat' dir='ltr'>impenderetur.</span> <span class='ocrx_word' id='word_1_101' title='bbox 795 1448 857 1514; x_wconf 80' lang='lat' dir='ltr'>Est</span> <span class='ocrx_word' id='word_1_102' title='bbox 892 1449 1022 1533; x_wconf 90' lang='lat' dir='ltr'>quidem</span> <span class='ocrx_word' id='word_1_103' title='bbox 1059 1448 1149 1513; x_wconf 81' lang='lat' dir='ltr'>illes</span> 
     </span>
     <span class='ocr_line' id='line_1_15' title="bbox 93 1537 1114 1623; baseline -0.001 -19"><span class='ocrx_word' id='word_1_104' title='bbox 93 1540 236 1605; x_wconf 88' lang='lat' dir='ltr'>eruditus</span> <span class='ocrx_word' id='word_1_105' title='bbox 260 1544 294 1603; x_wconf 89' lang='lat' dir='ltr'>et</span> <span class='ocrx_word' id='word_1_106' title='bbox 316 1539 458 1623; x_wconf 88' lang='lat' dir='ltr'>sapiens,</span> <span class='ocrx_word' id='word_1_107' title='bbox 485 1538 603 1622; x_wconf 90' lang='lat' dir='ltr'>utqui</span> <span class='ocrx_word' id='word_1_108' title='bbox 630 1560 664 1604; x_wconf 88' lang='lat' dir='ltr'>se</span> <span class='ocrx_word' id='word_1_109' title='bbox 692 1539 732 1603; x_wconf 91' lang='lat' dir='ltr'>ab</span> <span class='ocrx_word' id='word_1_110' title='bbox 755 1539 887 1604; x_wconf 91' lang='lat' dir='ltr'>ineunte</span> <span class='ocrx_word' id='word_1_111' title='bbox 915 1541 1019 1603; x_wconf 87' lang='lat' dir='ltr'>aetate</span> <span class='ocrx_word' id='word_1_112' title='bbox 1042 1537 1114 1604; x_wconf 89' lang='lat' dir='ltr'>alti-</span> 
     </span>
     <span class='ocr_line' id='line_1_16' title="bbox 49 1627 1114 1712; baseline -0.002 -17"><span class='ocrx_word' id='word_1_113' title='bbox 49 1653 73 1695; x_wconf 87' lang='lat' dir='ltr'>1s</span> <span class='ocrx_word' id='word_1_114' title='bbox 94 1629 202 1693; x_wconf 88' lang='lat' dir='ltr'>oribus</span> <span class='ocrx_word' id='word_1_115' title='bbox 233 1627 349 1692; x_wconf 88' lang='lat' dir='ltr'>studiis</span> <span class='ocrx_word' id='word_1_116' title='bbox 379 1628 566 1712; x_wconf 81' lang='lat' dir='ltr'>artibusque</span> <span class='ocrx_word' id='word_1_117' title='bbox 594 1627 763 1712; x_wconf 87' lang='lat' dir='ltr'>dediderit,</span> <span class='ocrx_word' id='word_1_118' title='bbox 794 1627 849 1694; x_wconf 92' lang='lat' dir='ltr'>sed</span> <span class='ocrx_word' id='word_1_119' title='bbox 879 1649 966 1693; x_wconf 90' lang='lat' dir='ltr'>nunc</span> <span class='ocrx_word' id='word_1_120' title='bbox 995 1628 1114 1710; x_wconf 86' lang='lat' dir='ltr'>omnia,</span> 
     </span>
     <span class='ocr_line' id='line_1_17' title="bbox 93 1717 1113 1802; baseline -0.001 -20"><span class='ocrx_word' id='word_1_121' title='bbox 93 1739 175 1801; x_wconf 87' lang='lat' dir='ltr'>quae</span> <span class='ocrx_word' id='word_1_122' title='bbox 198 1717 301 1781; x_wconf 81' lang='lat' dir='ltr'>audiit</span> <span class='ocrx_word' id='word_1_123' title='bbox 324 1738 432 1801; x_wconf 86' lang='lat' dir='ltr'>saepe,</span> <span class='ocrx_word' id='word_1_124' title='bbox 460 1739 540 1801; x_wconf 84' lang='lat' dir='ltr'>quaa</span> <span class='ocrx_word' id='word_1_125' title='bbox 568 1718 665 1801; x_wconf 87' lang='lat' dir='ltr'>dixit,</span> <span class='ocrx_word' id='word_1_126' title='bbox 691 1721 880 1802; x_wconf 88' lang='lat' dir='ltr'>aspernatur</span> <span class='ocrx_word' id='word_1_127' title='bbox 907 1717 1113 1802; x_wconf 84' lang='lat' dir='ltr'>expulsisque</span> 
     </span>
     <span class='ocr_line' id='line_1_18' title="bbox 91 1805 1149 1893; baseline 0 -23"><span class='ocrx_word' id='word_1_128' title='bbox 91 1806 267 1871; x_wconf 82' lang='lat' dir='ltr'>virtutibus</span> <span class='ocrx_word' id='word_1_129' title='bbox 294 1806 366 1871; x_wconf 89' lang='lat' dir='ltr'>aliis</span> <span class='ocrx_word' id='word_1_130' title='bbox 394 1807 524 1890; x_wconf 88' lang='lat' dir='ltr'>pietatis</span> <span class='ocrx_word' id='word_1_131' title='bbox 556 1810 605 1872; x_wconf 90' lang='lat' dir='ltr'>est</span> <span class='ocrx_word' id='word_1_132' title='bbox 631 1810 729 1872; x_wconf 85' lang='lat' dir='ltr'>totus.</span> <span class='ocrx_word' id='word_1_133' title='bbox 774 1805 936 1893; x_wconf 85' lang='lat' dir='ltr'>ignosces,</span> <span class='ocrx_word' id='word_1_134' title='bbox 966 1807 1149 1871; x_wconf 81' lang='lat' dir='ltr'>laudabise</span> 
     </span>
     <span class='ocr_line' id='line_1_19' title="bbox 93 1895 1113 1982; baseline 0 -22"><span class='ocrx_word' id='word_1_135' title='bbox 93 1896 203 1978; x_wconf 89' lang='lat' dir='ltr'>etiam,</span> <span class='ocrx_word' id='word_1_136' title='bbox 238 1896 268 1961; x_wconf 93' lang='lat' dir='ltr'>si</span> <span class='ocrx_word' id='word_1_137' title='bbox 305 1896 510 1982; x_wconf 80' lang='lat' dir='ltr'>cogitaveris,</span> <span class='ocrx_word' id='word_1_138' title='bbox 548 1897 626 1980; x_wconf 92' lang='lat' dir='ltr'>quid</span> <span class='ocrx_word' id='word_1_139' title='bbox 662 1896 813 1961; x_wconf 86' lang='lat' dir='ltr'>emiserit.</span> <span class='ocrx_word' id='word_1_140' title='bbox 870 1895 991 1960; x_wconf 85' lang='lat' dir='ltr'>Amisit</span> <span class='ocrx_word' id='word_1_141' title='bbox 1027 1896 1113 1960; x_wconf 89' lang='lat' dir='ltr'>enim</span> 
     </span>
     <span class='ocr_line' id='line_1_20' title="bbox 91 1985 1114 2069; baseline -0.001 -19"><span class='ocrx_word' id='word_1_142' title='bbox 91 1985 208 2069; x_wconf 88' lang='lat' dir='ltr'>filiam,</span> <span class='ocrx_word' id='word_1_143' title='bbox 236 2007 317 2068; x_wconf 88' lang='lat' dir='ltr'>quae</span> <span class='ocrx_word' id='word_1_144' title='bbox 339 2007 407 2051; x_wconf 90' lang='lat' dir='ltr'>non</span> <span class='ocrx_word' id='word_1_145' title='bbox 433 1986 540 2050; x_wconf 91' lang='lat' dir='ltr'>minus</span> <span class='ocrx_word' id='word_1_146' title='bbox 568 2008 673 2051; x_wconf 89' lang='lat' dir='ltr'>mores</span> <span class='ocrx_word' id='word_1_147' title='bbox 701 1985 769 2051; x_wconf 94' lang='lat' dir='ltr'>eius</span> <span class='ocrx_word' id='word_1_148' title='bbox 793 2007 891 2069; x_wconf 89' lang='lat' dir='ltr'>quam</span> <span class='ocrx_word' id='word_1_149' title='bbox 915 2006 950 2049; x_wconf 91' lang='lat' dir='ltr'>os</span> <span class='ocrx_word' id='word_1_150' title='bbox 974 1985 1114 2049; x_wconf 81' lang='lat' dir='ltr'>vultum-</span> 
     </span>
     <span class='ocr_line' id='line_1_21' title="bbox 48 2073 1115 2159; baseline -0.005 -18"><span class='ocrx_word' id='word_1_151' title='bbox 48 2100 74 2141; x_wconf 78' lang='lat' dir='ltr'>ro</span> <span class='ocrx_word' id='word_1_152' title='bbox 93 2096 156 2158; x_wconf 91' lang='lat' dir='ltr'>que</span> <span class='ocrx_word' id='word_1_153' title='bbox 178 2074 337 2139; x_wconf 83' lang='lat' dir='ltr'>referebat</span> <span class='ocrx_word' id='word_1_154' title='bbox 364 2079 533 2159; x_wconf 91' lang='lat' dir='ltr'>totumque</span> <span class='ocrx_word' id='word_1_155' title='bbox 562 2078 686 2159; x_wconf 87' lang='lat' dir='ltr'>patrem</span> <span class='ocrx_word' id='word_1_156' title='bbox 717 2075 799 2139; x_wconf 90' lang='lat' dir='ltr'>mira</span> <span class='ocrx_word' id='word_1_157' title='bbox 826 2073 1037 2138; x_wconf 91' lang='lat' dir='ltr'>similitudine</span> <span class='ocrx_word' id='word_1_158' title='bbox 1060 2095 1115 2137; x_wconf 87' lang='lat' dir='ltr'>ex-</span> 
     </span>
     <span class='ocr_line' id='line_1_22' title="bbox 93 2162 1168 2248; baseline -0.001 -20"><span class='ocrx_word' id='word_1_159' title='bbox 93 2163 273 2248; x_wconf 89' lang='lat' dir='ltr'>scripserat.</span> <span class='ocrx_word' id='word_1_160' title='bbox 318 2163 469 2248; x_wconf 89' lang='lat' dir='ltr'>Proinde,</span> <span class='ocrx_word' id='word_1_161' title='bbox 501 2164 529 2229; x_wconf 93' lang='lat' dir='ltr'>si</span> <span class='ocrx_word' id='word_1_162' title='bbox 557 2185 636 2248; x_wconf 90' lang='lat' dir='ltr'>quas</span> <span class='ocrx_word' id='word_1_163' title='bbox 667 2164 706 2228; x_wconf 88' lang='lat' dir='ltr'>ad</span> <span class='ocrx_word' id='word_1_164' title='bbox 735 2186 809 2228; x_wconf 92' lang='lat' dir='ltr'>eum</span> <span class='ocrx_word' id='word_1_165' title='bbox 839 2163 878 2227; x_wconf 91' lang='lat' dir='ltr'>de</span> <span class='ocrx_word' id='word_1_166' title='bbox 908 2162 1019 2227; x_wconf 90' lang='lat' dir='ltr'>dolore</span> <span class='ocrx_word' id='word_1_167' title='bbox 1047 2166 1114 2226; x_wconf 87' lang='lat' dir='ltr'>tam</span> <span class='ocrx_word' id='word_1_168' title='bbox 1134 2177 1168 2227; x_wconf 91' lang='lat'>10</span> 
     </span>
     <span class='ocr_line' id='line_1_23' title="bbox 92 2251 1115 2337; baseline -0.002 -20"><span class='ocrx_word' id='word_1_169' title='bbox 92 2253 179 2319; x_wconf 90' lang='lat' dir='ltr'>iusto</span> <span class='ocrx_word' id='word_1_170' title='bbox 202 2253 327 2318; x_wconf 88' lang='lat' dir='ltr'>litteras</span> <span class='ocrx_word' id='word_1_171' title='bbox 350 2255 475 2337; x_wconf 89' lang='lat' dir='ltr'>mittes,</span> <span class='ocrx_word' id='word_1_172' title='bbox 506 2257 665 2318; x_wconf 89' lang='lat' dir='ltr'>memento</span> <span class='ocrx_word' id='word_1_173' title='bbox 694 2252 845 2317; x_wconf 90' lang='lat' dir='ltr'>adhibere</span> <span class='ocrx_word' id='word_1_174' title='bbox 869 2251 1025 2317; x_wconf 89' lang='lat' dir='ltr'>solacium</span> <span class='ocrx_word' id='word_1_175' title='bbox 1048 2273 1115 2315; x_wconf 92' lang='lat' dir='ltr'>non</span> 
     </span>
     <span class='ocr_line' id='line_1_24' title="bbox 93 2341 1115 2429; baseline -0.002 -22"><span class='ocrx_word' id='word_1_176' title='bbox 93 2343 187 2427; x_wconf 90' lang='lat' dir='ltr'>quasi</span> <span class='ocrx_word' id='word_1_177' title='bbox 210 2343 452 2429; x_wconf 74' lang='lat' dir='ltr'>castigatorium</span> <span class='ocrx_word' id='word_1_178' title='bbox 482 2347 515 2408; x_wconf 93' lang='lat' dir='ltr'>et</span> <span class='ocrx_word' id='word_1_179' title='bbox 537 2343 634 2407; x_wconf 91' lang='lat' dir='ltr'>nimis</span> <span class='ocrx_word' id='word_1_180' title='bbox 662 2342 760 2424; x_wconf 86' lang='lat' dir='ltr'>forte,</span> <span class='ocrx_word' id='word_1_181' title='bbox 791 2341 846 2406; x_wconf 89' lang='lat' dir='ltr'>sed</span> <span class='ocrx_word' id='word_1_182' title='bbox 874 2342 973 2405; x_wconf 92' lang='lat' dir='ltr'>molle</span> <span class='ocrx_word' id='word_1_183' title='bbox 996 2345 1029 2406; x_wconf 91' lang='lat' dir='ltr'>et</span> <span class='ocrx_word' id='word_1_184' title='bbox 1056 2341 1115 2405; x_wconf 91' lang='lat' dir='ltr'>hu-</span> 
     </span>
     <span class='ocr_line' id='line_1_25' title="bbox 93 2430 1116 2514; baseline -0.004 -17"><span class='ocrx_word' id='word_1_185' title='bbox 93 2453 234 2497; x_wconf 88' lang='lat' dir='ltr'>manum.</span> <span class='ocrx_word' id='word_1_186' title='bbox 294 2431 388 2508; x_wconf 84' lang='lat' dir='ltr'>Quod</span> <span class='ocrx_word' id='word_1_187' title='bbox 419 2435 457 2496; x_wconf 93' lang='lat' dir='ltr'>ut</span> <span class='ocrx_word' id='word_1_188' title='bbox 489 2432 616 2497; x_wconf 77' lang='lat' dir='ltr'>facilius</span> <span class='ocrx_word' id='word_1_189' title='bbox 649 2430 813 2514; x_wconf 87' lang='lat' dir='ltr'>admittat,</span> <span class='ocrx_word' id='word_1_190' title='bbox 846 2431 986 2495; x_wconf 91' lang='lat' dir='ltr'>multum</span> <span class='ocrx_word' id='word_1_191' title='bbox 1017 2431 1116 2495; x_wconf 87' lang='lat' dir='ltr'>faciet</span> 
     </span>
     <span class='ocr_line' id='line_1_26' title="bbox 48 2519 1168 2605; baseline -0.005 -18"><span class='ocrx_word' id='word_1_192' title='bbox 48 2546 73 2589; x_wconf 77' lang='lat' dir='ltr'>as</span> <span class='ocrx_word' id='word_1_193' title='bbox 94 2521 192 2587; x_wconf 90' lang='lat' dir='ltr'>medii</span> <span class='ocrx_word' id='word_1_194' title='bbox 214 2523 370 2605; x_wconf 90' lang='lat' dir='ltr'>temporis</span> <span class='ocrx_word' id='word_1_195' title='bbox 394 2522 544 2605; x_wconf 88' lang='lat' dir='ltr'>spatium.</span> <span class='ocrx_word' id='word_1_196' title='bbox 589 2520 637 2587; x_wconf 91' lang='lat' dir='ltr'>Ut</span> <span class='ocrx_word' id='word_1_197' title='bbox 657 2521 742 2584; x_wconf 91' lang='lat' dir='ltr'>enim</span> <span class='ocrx_word' id='word_1_198' title='bbox 765 2519 899 2585; x_wconf 90' lang='lat' dir='ltr'>crudum</span> <span class='ocrx_word' id='word_1_199' title='bbox 921 2521 1026 2585; x_wconf 89' lang='lat' dir='ltr'>adhuc</span> <span class='ocrx_word' id='word_1_200' title='bbox 1046 2521 1115 2584; x_wconf 89' lang='lat' dir='ltr'>vul·</span> <span class='ocrx_word' id='word_1_201' title='bbox 1135 2533 1168 2581; x_wconf 88' lang='lat'>11</span> 
     </span>
     <span class='ocr_line' id='line_1_27' title="bbox 92 2609 1118 2693; baseline -0.005 -17"><span class='ocrx_word' id='word_1_202' title='bbox 92 2632 155 2676; x_wconf 91' lang='lat' dir='ltr'>nus</span> <span class='ocrx_word' id='word_1_203' title='bbox 183 2610 380 2676; x_wconf 90' lang='lat' dir='ltr'>medentium</span> <span class='ocrx_word' id='word_1_204' title='bbox 408 2632 523 2675; x_wconf 88' lang='lat' dir='ltr'>manus</span> <span class='ocrx_word' id='word_1_205' title='bbox 546 2609 747 2693; x_wconf 87' lang='lat' dir='ltr'>reformidat,</span> <span class='ocrx_word' id='word_1_206' title='bbox 779 2609 893 2674; x_wconf 90' lang='lat' dir='ltr'>deinde</span> <span class='ocrx_word' id='word_1_207' title='bbox 920 2610 1044 2693; x_wconf 89' lang='lat' dir='ltr'>patitur</span> <span class='ocrx_word' id='word_1_208' title='bbox 1072 2613 1118 2671; x_wconf 78' lang='lat' dir='ltr'>at</span> 
     </span>
     <span class='ocr_line' id='line_1_28' title="bbox 93 2697 1115 2785; baseline -0.003 -20"><span class='ocrx_word' id='word_1_209' title='bbox 93 2722 158 2785; x_wconf 89' lang='lat' dir='ltr'>que</span> <span class='ocrx_word' id='word_1_210' title='bbox 178 2702 265 2765; x_wconf 89' lang='lat' dir='ltr'>ultro</span> <span class='ocrx_word' id='word_1_211' title='bbox 283 2700 427 2784; x_wconf 88' lang='lat' dir='ltr'>requirit,</span> <span class='ocrx_word' id='word_1_212' title='bbox 453 2700 500 2765; x_wconf 89' lang='lat' dir='ltr'>sic</span> <span class='ocrx_word' id='word_1_213' title='bbox 517 2721 628 2765; x_wconf 88' lang='lat' dir='ltr'>recens</span> <span class='ocrx_word' id='word_1_214' title='bbox 651 2699 751 2764; x_wconf 87' lang='lat' dir='ltr'>animi</span> <span class='ocrx_word' id='word_1_215' title='bbox 765 2698 858 2764; x_wconf 91' lang='lat' dir='ltr'>dolor</span> <span class='ocrx_word' id='word_1_216' title='bbox 879 2697 1115 2764; x_wconf 84' lang='lat' dir='ltr'>consolationes</span> 
     </span>
     <span class='ocr_line' id='line_1_29' title="bbox 92 2786 1116 2875; baseline -0.003 -21"><span class='ocrx_word' id='word_1_217' title='bbox 92 2789 187 2855; x_wconf 90' lang='lat' dir='ltr'>reicit</span> <span class='ocrx_word' id='word_1_218' title='bbox 210 2812 247 2855; x_wconf 88' lang='lat' dir='ltr'>ao</span> <span class='ocrx_word' id='word_1_219' title='bbox 269 2789 404 2875; x_wconf 84' lang='lat' dir='ltr'>refugit,</span> <span class='ocrx_word' id='word_1_220' title='bbox 431 2811 507 2853; x_wconf 87' lang='lat' dir='ltr'>mox</span> <span class='ocrx_word' id='word_1_221' title='bbox 535 2788 693 2854; x_wconf 88' lang='lat' dir='ltr'>desiderat</span> <span class='ocrx_word' id='word_1_222' title='bbox 720 2792 753 2853; x_wconf 91' lang='lat' dir='ltr'>et</span> <span class='ocrx_word' id='word_1_223' title='bbox 779 2790 954 2854; x_wconf 89' lang='lat' dir='ltr'>clementer</span> <span class='ocrx_word' id='word_1_224' title='bbox 977 2786 1116 2851; x_wconf 92' lang='lat' dir='ltr'>admotis</span> 
     </span>
     <span class='ocr_line' id='line_1_30' title="bbox 93 2878 416 2962; baseline -0.009 -19"><span class='ocrx_word' id='word_1_225' title='bbox 93 2878 281 2962; x_wconf 89' lang='lat' dir='ltr'>adquiescit.</span> <span class='ocrx_word' id='word_1_226' title='bbox 327 2878 416 2943; x_wconf 86' lang='lat' dir='ltr'>Vale.</span> 
     </span>
    </p>
   </div>
   <div class='ocr_carea' id='block_1_3' title="bbox 47 2989 1076 3150">
    <p class='ocr_par' dir='ltr' id='par_1_3' title="bbox 47 2989 1076 3150">
     <span class='ocr_line' id='line_1_31' title="bbox 47 2989 654 3053; baseline -0.01 0"><span class='ocrx_word' id='word_1_227' title='bbox 47 3011 74 3053; x_wconf 86' lang='lat' dir='ltr'>so</span> <span class='ocrx_word' id='word_1_228' title='bbox 558 2989 654 3048; x_wconf 83' lang='lat' dir='ltr'><strong>XVII.</strong></span> 
     </span>
     <span class='ocr_line' id='line_1_32' title="bbox 221 3097 1076 3150; baseline -0.006 -1"><span class='ocrx_word' id='word_1_229' title='bbox 221 3099 252 3150; x_wconf 85' lang='lat' dir='ltr'>C.</span> <span class='ocrx_word' id='word_1_230' title='bbox 266 3099 414 3150; x_wconf 78' lang='lat' dir='ltr'>PLINIUS</span> <span class='ocrx_word' id='word_1_231' title='bbox 433 3099 628 3150; x_wconf 86' lang='lat' dir='ltr'>VESTRICIO</span> <span class='ocrx_word' id='word_1_232' title='bbox 648 3098 853 3150; x_wconf 85' lang='lat' dir='ltr'><strong>SPURINNAE</strong></span> <span class='ocrx_word' id='word_1_233' title='bbox 874 3098 942 3150; x_wconf 87' lang='lat' dir='ltr'>SUO</span> <span class='ocrx_word' id='word_1_234' title='bbox 963 3097 991 3148; x_wconf 81' lang='lat' dir='ltr'>S.</span> <span class='ocrx_word' id='word_1_235' title='bbox 1075 3141 1076 3144; x_wconf 76' lang='grc'>,</span> 
     </span>
    </p>
   </div>
   <div class='ocr_carea' id='block_1_4' title="bbox 92 3198 1150 3378">
    <p class='ocr_par' dir='ltr' id='par_1_4' title="bbox 92 3198 1150 3378">
     <span class='ocr_line' id='line_1_33' title="bbox 158 3198 1150 3284; baseline -0.006 -19"><span class='ocrx_word' id='word_1_236' title='bbox 158 3198 248 3283; x_wconf 84' lang='lat' dir='ltr'>Scio,</span> <span class='ocrx_word' id='word_1_237' title='bbox 277 3203 397 3284; x_wconf 90' lang='lat' dir='ltr'>quanto</span> <span class='ocrx_word' id='word_1_238' title='bbox 422 3221 518 3282; x_wconf 89' lang='lat' dir='ltr'>opere</span> <span class='ocrx_word' id='word_1_239' title='bbox 544 3199 638 3263; x_wconf 92' lang='lat' dir='ltr'>bonis</span> <span class='ocrx_word' id='word_1_240' title='bbox 661 3200 785 3264; x_wconf 88' lang='lat' dir='ltr'>artibus</span> <span class='ocrx_word' id='word_1_241' title='bbox 808 3200 930 3281; x_wconf 87' lang='lat' dir='ltr'>faveas,</span> <span class='ocrx_word' id='word_1_242' title='bbox 959 3201 1116 3282; x_wconf 88' lang='lat' dir='ltr'>quantum</span> <span class='ocrx_word' id='word_1_243' title='bbox 1136 3211 1150 3258; x_wconf 94' lang='lat'>1</span> 
     </span>
     <span class='ocr_line' id='line_1_34' title="bbox 92 3287 1116 3378; baseline -0.005 -22"><span class='ocrx_word' id='word_1_244' title='bbox 92 3289 248 3378; x_wconf 88' lang='lat' dir='ltr'>gaudium</span> <span class='ocrx_word' id='word_1_245' title='bbox 283 3289 404 3373; x_wconf 90' lang='lat' dir='ltr'>capias,</span> <span class='ocrx_word' id='word_1_246' title='bbox 443 3289 470 3354; x_wconf 91' lang='lat' dir='ltr'>si</span> <span class='ocrx_word' id='word_1_247' title='bbox 506 3288 630 3353; x_wconf 90' lang='lat' dir='ltr'>nobiles</span> <span class='ocrx_word' id='word_1_248' title='bbox 660 3288 791 3353; x_wconf 86' lang='lat' dir='ltr'>iuvenes</span> <span class='ocrx_word' id='word_1_249' title='bbox 829 3287 963 3374; x_wconf 88' lang='lat' dir='ltr'>dignum</span> <span class='ocrx_word' id='word_1_250' title='bbox 994 3287 1116 3371; x_wconf 88' lang='lat' dir='ltr'>aliquid</span> 
     </span>
    </p>
   </div>
   <div class='ocr_carea' id='block_1_5' title="bbox 77 3462 1144 3687">
    <p class='ocr_par' dir='ltr' id='par_1_5' title="bbox 77 3462 1144 3687">
     <span class='ocr_line' id='line_1_35' title="bbox 167 3462 1144 3537; baseline -0.007 -18"><span class='ocrx_word' id='word_1_251' title='bbox 167 3472 201 3519; x_wconf 76' lang='lat'>12</span> <span class='ocrx_word' id='word_1_252' title='bbox 215 3466 384 3536; x_wconf 85' lang='lat' dir='ltr'>margaritas</span> <span class='ocrx_word' id='word_1_253' title='bbox 398 3466 428 3520; x_wconf 91' lang='lat' dir='ltr'><em>D</em></span> <span class='ocrx_word' id='word_1_254' title='bbox 432 3482 515 3534; x_wconf 82' lang='lat' dir='ltr'>pra,</span> <span class='ocrx_word' id='word_1_255' title='bbox 532 3465 602 3534; x_wconf 83' lang='lat' dir='ltr'>Otto,</span> <span class='ocrx_word' id='word_1_256' title='bbox 617 3466 727 3534; x_wconf 61' lang='lat' dir='ltr'>Maeli,</span> <span class='ocrx_word' id='word_1_257' title='bbox 738 3463 902 3535; x_wconf 77' lang='lat' dir='ltr'>margarita</span> <span class='ocrx_word' id='word_1_258' title='bbox 914 3466 966 3532; x_wconf 80' lang='lat' dir='ltr'>M,</span> <span class='ocrx_word' id='word_1_259' title='bbox 975 3465 1033 3527; x_wconf 66' lang='lat' dir='ltr'>K,</span> <span class='ocrx_word' id='word_1_260' title='bbox 1042 3462 1144 3537; x_wconf 56' lang='lat' dir='ltr'>nrm,</span> 
     </span>
     <span class='ocr_line' id='line_1_36' title="bbox 91 3526 1144 3611; baseline -0.028 -3"><span class='ocrx_word' id='word_1_261' title='bbox 91 3572 127 3583; x_wconf 90' lang='lat'>··</span> <span class='ocrx_word' id='word_1_262' title='bbox 147 3539 212 3591; x_wconf 63' lang='lat' dir='ltr'>lum</span> <span class='ocrx_word' id='word_1_263' title='bbox 228 3539 342 3605; x_wconf 61' lang='lat' dir='ltr'>Dm,</span> <span class='ocrx_word' id='word_1_264' title='bbox 366 3538 440 3605; x_wconf 65' lang='grc' dir='ltr'><em>θίΐθ,</em></span> <span class='ocrx_word' id='word_1_265' title='bbox 458 3538 571 3609; x_wconf 66' lang='lat' dir='ltr'>Mucii,</span> <span class='ocrx_word' id='word_1_266' title='bbox 588 3543 637 3598; x_wconf 82' lang='lat' dir='ltr'>tus</span> <span class='ocrx_word' id='word_1_267' title='bbox 660 3542 705 3611; x_wconf 90' lang='lat' dir='ltr'>M,</span> <span class='ocrx_word' id='word_1_268' title='bbox 727 3541 777 3609; x_wconf 79' lang='lat' dir='ltr'>K,</span> <span class='ocrx_word' id='word_1_269' title='bbox 798 3539 894 3596; x_wconf 69' lang='lat' dir='ltr'>Mete.</span> <span class='ocrx_word' id='word_1_270' title='bbox 1005 3537 1050 3586; x_wconf 66' lang='lat' dir='ltr'>‘ne</span> <span class='ocrx_word' id='word_1_271' title='bbox 1068 3526 1144 3582; x_wconf 59' lang='lat' dir='ltr'>caete</span> 
     </span>
     <span class='ocr_line' id='line_1_37' title="bbox 77 3608 1019 3687; baseline 0 -27"><span class='ocrx_word' id='word_1_272' title='bbox 77 3611 209 3676; x_wconf 70' lang='lat' dir='ltr'>getarum</span> <span class='ocrx_word' id='word_1_273' title='bbox 225 3625 251 3672; x_wconf 75' lang='lat' dir='ltr'>a,</span> <span class='ocrx_word' id='word_1_274' title='bbox 272 3609 484 3679; x_wconf 79' lang='lat' dir='ltr'>castigaturum</span> <span class='ocrx_word' id='word_1_275' title='bbox 505 3614 598 3687; x_wconf 77' lang='lat' dir='ltr'>Dpr.</span> <span class='ocrx_word' id='word_1_276' title='bbox 679 3621 718 3674; x_wconf 73' lang='lat' dir='ltr'>tl</span> <span class='ocrx_word' id='word_1_277' title='bbox 736 3613 897 3672; x_wconf 71' lang='lat' dir='ltr'>Vestricio</span> <span class='ocrx_word' id='word_1_278' title='bbox 917 3627 955 3668; x_wconf 80' lang='lat' dir='ltr'>ea</span> <span class='ocrx_word' id='word_1_279' title='bbox 974 3608 1019 3662; x_wconf 71' lang='lat' dir='ltr'>R.</span> 
     </span>
    </p>
   </div>
   <div class='ocr_carea' id='block_1_6' title="bbox 0 0 1204 3862">
    <p class='ocr_par' dir='ltr' id='par_1_6' title="bbox 0 0 1204 3862">
     <span class='ocr_line' id='line_1_38' title="bbox 0 0 1204 3862; baseline 0 0"><span class='ocrx_word' id='word_1_280' title='bbox 0 0 1204 3862; x_wconf 95' lang='lat' dir='ltr'> </span> 
     </span>
    </p>
   </div>
  </div>
 </body>
</html>
