2400 3862
96 203 136 266 16
531 197 559 253 Ο.
579 198 677 253 Pthl
758 233 762 240 ·

93 363 167 426 tiari
200 362 324 443 iubent,
358 384 399 426 an
431 363 495 427 iam
527 362 680 427 recitator
711 361 892 442 intraverit,
926 384 967 426 an
999 361 1118 428 dixerit

93 451 340 534 praefationem,
377 474 419 515 an
451 473 491 516 ex
522 473 639 537 magna
671 455 761 535 parte
794 451 950 516 evolverit
981 451 1117 535 librum3

93 548 170 605 tuno
199 540 327 605 demum
356 562 393 605 ac
420 544 499 605 tunc
527 560 654 625 quoque
677 541 764 606 lente
787 544 1040 625 cunctanterque
1065 564 1117 607 ve·

92 631 186 693 niunt
213 650 273 694 nec
295 633 404 694 temen
427 632 629 713 permanent,
656 630 712 695 sed
735 634 809 694 ante
832 630 929 694 finem
952 629 1117 713 recedunt,

92 720 148 783 alii
175 717 414 783 dissimulanter
442 722 474 783 et
500 718 627 801 furtim,
654 718 709 783 alii
737 717 927 802 simpliciter
950 722 983 783 et
1004 719 1115 785 libere.
1136 748 1148 788 a

58 818 73 866 3
92 807 137 872 At
164 806 294 873 hercule
317 808 471 872 memoria
494 811 663 892 parentum
687 806 856 872 Claudium
880 806 1046 872 Caesarem
1071 810 1117 874 fe·

92 901 179 979 runt,
204 918 277 962 cum
300 897 334 961 in
352 896 477 962 Palatio
497 897 690 981 spatiaretur
708 896 913 982 audissetque
932 898 1117 978 clamorem,

92 1007 220 1050 causam
248 987 433 1071 requisisse,
460 1006 597 1070 cumque
625 986 748 1052 dictum
776 991 860 1051 esset
886 987 1020 1052 recitare
1047 985 1117 1052 No-

56 1085 73 1132 4
92 1076 238 1159 nianum,
252 1075 396 1140 subitum
409 1075 558 1141 recitanti
571 1075 838 1160 inopinatumque
852 1076 994 1140 venisse·
1017 1073 1050 1141 N
1051 1097 1118 1141 uno

93 1165 306 1230 otiosissimus
335 1166 471 1249 quisque
497 1166 601 1230 multo
630 1169 704 1229 ante
727 1168 859 1250 rogatus
883 1169 915 1230 et
937 1164 1116 1230 identidem
1137 1195 1163 1235 ro

93 1253 275 1319 admonitus
295 1259 435 1319 autnon
453 1254 541 1319 venit
560 1259 629 1333 aut,
648 1255 677 1318 si
690 1254 792 1335 venit,
811 1254 957 1338 queritur
971 1276 1004 1319 se
1019 1253 1117 1339 diem,

56 1345 168 1426 oquia
190 1365 257 1408 non
276 1343 464 1427 perdiderit,
487 1343 670 1428 perdidisse.
719 1341 782 1408 Sed
804 1346 895 1408 tanto
920 1342 1023 1429 magis
1046 1344 1116 1409 lau·

93 1432 188 1497 dandi
211 1432 433 1517 probandique
457 1436 546 1516 sunt,
570 1454 651 1516 quos
664 1455 693 1496 a
716 1432 876 1497 scribendi
893 1432 1116 1517 recitandique

92 1522 198 1585 studio
231 1523 311 1586 haec
342 1521 526 1587 auditorum
557 1523 610 1586 vel
642 1521 763 1586 desidia
790 1520 841 1585 vel
869 1521 1020 1606 superbia
1046 1544 1116 1587 non

91 1612 239 1675 retardat.
290 1610 450 1694 Equidem
480 1633 582 1695 prope
611 1610 733 1675 nemini
764 1609 858 1675 defui.
904 1611 1007 1677 Erant
1037 1632 1116 1677 sane
1138 1639 1163 1681 ra

91 1701 237 1783 plerique
269 1700 380 1783 amici;
412 1719 517 1783 neque
548 1700 635 1764 enim
668 1703 717 1764 est
744 1699 811 1764 fere
840 1700 1024 1784 quisquam,
1058 1702 1116 1785 qui

57 1799 71 1846 6
92 1790 213 1871 studia,
235 1793 271 1853 ut
293 1810 360 1853 non
383 1789 480 1853 simul
503 1792 535 1853 et
557 1811 615 1854 nos
640 1792 732 1853 amet.
774 1787 834 1852 His
859 1811 899 1854 ex
922 1790 1026 1854 causis
1044 1789 1116 1855 lon-

92 1878 177 1962 gius,
207 1900 303 1962 quam
332 1877 579 1961 destinaveram,
606 1882 734 1962 tempus
758 1878 793 1943 in
815 1878 894 1943 urbe
917 1881 1114 1962 consumpsi.

92 1967 227 2031 Possum
247 1968 312 2032 iam
330 1970 473 2051 repetere
492 1989 652 2032 secessum
671 1970 704 2032 et
717 1967 856 2032 scribere
870 1966 1006 2051 aliquid,
1026 1970 1116 2051 quod

91 2079 157 2121 non
184 2057 330 2139 recitem,
357 2079 397 2121 ne
424 2056 547 2140 videar,
576 2078 713 2140 quorum
742 2056 985 2121 recitationibus
1014 2057 1113 2141 adfui,
1134 2085 1161 2126 ao

91 2169 157 2210 non
187 2146 315 2211 auditor
343 2145 456 2229 fuisse,
487 2146 542 2211 sed
572 2145 719 2211 creditor.
765 2143 850 2211 Nam
881 2149 917 2210 ut
940 2146 1114 2212 inceteris

90 2235 186 2299 rebus
214 2236 260 2299 ite
287 2235 320 2300 in
348 2234 498 2300 audiendi
527 2235 635 2300 officio
664 2234 748 2318 perit
771 2235 888 2320 gratia,
916 2236 944 2300 si
966 2257 1115 2320 reposca·

90 2329 152 2388 tur.
198 2323 287 2390 Vale.

562 2454 642 2513 XIV.

279 2582 310 2630 Ο.
325 2582 472 2632 PLINIUS
492 2581 596 2632 IUNIO
616 2580 782 2631 MAURIOO
803 2581 872 2632 SUO
893 2581 920 2630 S.
1128 2621 1155 2661 25

56 2719 70 2765 1
148 2700 250 2781 Petis,
271 2703 308 2763 ut
327 2699 435 2762 fratris
454 2700 503 2763 tui
521 2699 606 2763 filiae
625 2697 820 2783 prospiciam
840 2698 1005 2781 maritum,
1025 2700 1112 2782 quod

91 2790 205 2853 merito
230 2788 310 2852 mihi
333 2788 537 2871 potissimum
561 2787 712 2874 iniungis.
759 2786 828 2853 Scis
853 2788 951 2870 enim,
976 2792 1113 2870 quanto·

90 2901 165 2961 pere
196 2900 358 2941 summum
388 2877 480 2941 illum
510 2878 616 2941 virum
646 2877 844 2961 suspexerim
873 2876 1113 2961 dilexerimque,

91 2968 206 3050 quibus
236 2967 290 3031 ille
318 2966 566 3031 adulescentiam
596 2988 700 3030 meam
724 2965 1000 3030 exhortationibus
1024 2967 1111 3032 fove-

90 3059 146 3138 rit,
170 3057 286 3139 quibus
310 3056 407 3120 etiam
429 3056 592 3138 laudibus,
616 3059 653 3119 ut
675 3055 854 3119 laudandus
877 3054 1014 3139 viderer,
1037 3057 1111 3120 effe·
1130 3085 1157 3124 eo

55 3146 176 3210 acerit.
223 3144 316 3210 Nihil
343 3150 404 3228 est,
433 3144 519 3229 quod
547 3168 566 3209 a
592 3148 624 3208 te
653 3144 798 3208 mandari
825 3145 905 3208 mihi
929 3148 985 3208 aut
1007 3146 1111 3210 maius

90 3239 146 3298 aut
170 3235 304 3319 gratius,
328 3235 422 3317 nihil,
447 3234 533 3318 quod
556 3234 724 3297 honestius
748 3256 766 3297 a
790 3256 840 3297 me
859 3234 980 3318 suscipi
998 3236 1111 3318 possit,

91 3347 187 3407 quam
216 3327 252 3387 ut
279 3324 396 3409 eligam
420 3326 581 3405 iuvenem,
610 3345 649 3386 ex
673 3344 736 3406 quo
760 3323 849 3387 nasci
872 3328 1004 3407 nepotes
1028 3323 1111 3387 Aru-

92 3453 108 3457 ..
115 3451 305 3458 -.—-—---

153 3522 251 3571 3tum
271 3519 386 3572 demum
405 3518 529 3573 aura.
605 3521 637 3569 12
657 3515 783 3585 perdidit
799 3515 901 3584 Gieriq.
976 3522 1009 3569 14
1029 3517 1110 3570 audi-

62 3587 158 3638 torum
179 3589 297 3643 desidia
315 3592 414 3662 Irffp
422 3609 449 3646 a.
