2400 3862
373 162 633 219 EPISTULARUM
651 163 677 218 V
696 169 720 231 6,
741 170 765 219 7.
1015 167 1079 235 129

55 329 248 411 inmoratur,
275 284 347 392 ndn
366 349 435 392 esse
457 327 607 413 longum,
633 327 874 414 longissimum,
901 327 930 390 si
958 327 1080 412 aliquid

53 418 187 483 accersit
205 421 306 501 atque
325 416 466 481 attrahit.
512 415 620 499 Vides,
644 421 724 500 quot
746 416 890 482 versibus
909 414 1079 501 Homerus,
1097 434 1132 483 43

53 512 128 591 quot
153 505 324 592 Vergilius
347 527 449 588 arma,
472 505 526 569 hic
549 502 690 589 Aeneae,
712 503 850 571 Achillis
873 506 938 589 ille,
965 506 1080 572 descri-

52 597 120 680 bat3
143 595 257 661 brevis
280 598 389 659 tamen
411 598 545 677 uterque
569 598 631 677 est,
654 595 731 678 quia
753 594 845 678 facit,
875 594 963 678 quod
990 596 1081 661 insti·

31 686 120 750 ituit.
172 683 290 766 Vides,
316 687 353 748 ut
375 681 494 749 Aratus
518 683 735 749 minutissima
758 685 855 749 etiam
879 683 984 750 sidera
1006 706 1081 749 con·

52 778 197 840 sectetur
220 777 253 838 et
272 773 417 858 colligat,
446 772 577 838 modum
602 777 711 838 tamen
735 777 849 838 servat.
893 772 971 838 Non
994 774 1080 839 enim

51 883 210 930 excursus
232 861 287 927 hic
309 863 391 946 eius,
415 862 471 926 sed
494 884 575 946 opus
599 863 706 946 ipsum
729 866 786 928 est.
833 860 990 929 Similiter
1010 868 1080 947 nos,
1098 880 1134 928 44

51 957 86 1019 ut
109 974 218 1037 parva
240 951 381 1037 magnis,
415 972 489 1016 cum
511 955 615 1018 totam
642 951 754 1016 villam
783 951 885 1018 oculis
913 953 978 1017 tuis
1007 952 1080 1018 sub-

50 1044 137 1108 icere
163 1062 333 1123 conamur,
364 1039 498 1106 sinihil
520 1039 688 1105 inductum
712 1045 745 1105 et
769 1041 860 1125 quasi
885 1040 1011 1107 devium
1033 1043 1080 1107 lo-

18 1132 204 1215 oquimur,
225 1151 292 1194 non
316 1130 468 1213 epistula,
494 1151 576 1212 quae
600 1129 765 1212 describit,
797 1129 852 1195 sed
874 1129 966 1212 villa,
998 1153 1080 1214 quae

52 1220 257 1303 describitur,
281 1240 399 1304 magna
421 1222 478 1283 est.

122 1307 247 1373 Verum
283 1309 375 1391 illuc,
416 1307 501 1372 unde
542 1307 649 1390 coepi,
686 1330 726 1372 ne
760 1306 935 1372 secundum
976 1309 1080 1393 legem

53 1420 162 1463 meam
192 1399 261 1462 iure
284 1397 513 1480 reprehendar,
546 1396 573 1461 si
600 1395 730 1482 longior
755 1396 847 1460 fuero
877 1396 912 1459 in
941 1396 1016 1479 hoc,
1046 1397 1081 1461 in

54 1487 145 1572 quod
176 1487 306 1551 excessi.
361 1485 470 1552 Habes
501 1506 626 1569 causas,
664 1507 722 1552 cur
749 1506 810 1571 ego
838 1485 961 1551 Tuscos
991 1503 1134 1553 11100040

16 1596 38 1638 a
55 1576 258 1659 Tusculanis,
282 1575 459 1640 Tiburtinis
478 1574 757 1659 Praenestinisque
776 1576 855 1640 meis
874 1597 1079 1659 praeponam.

55 1665 142 1730 Nam
167 1687 263 1748 super
286 1665 355 1748 illa,
379 1687 460 1749 quae
482 1664 607 1747 rettuli,
635 1665 731 1730 altius
759 1665 805 1729 ibi
829 1665 932 1730 otium
956 1669 988 1730 et
1010 1665 1079 1750 pin·

58 1755 153 1840 gaius
177 1777 280 1839 eoque
303 1754 457 1819 securius:
480 1755 571 1819 nulla
588 1755 762 1819 necessitas
784 1758 889 1840 togae,
911 1776 1006 1819 nemo
1030 1777 1080 1820 ac-

58 1845 193 1909 cersitor
212 1866 252 1908 ex
269 1844 432 1927 proximo,
451 1843 578 1928 placida
593 1843 701 1908 omnia
715 1847 748 1907 et
767 1844 972 1927 quiescentia,
992 1845 1079 1927 quod

58 1935 165 2016 ipsum
197 1933 378 1998 salubritati
409 1932 550 2018 regionis
580 1937 617 1997 ut
646 1933 758 2017 purius
789 1933 928 2015 caelum,
960 1935 998 1996 ut
1027 1938 1082 1997 a'e‘r

19 2041 42 2082 ao
58 2022 213 2106 liquidior
236 2022 366 2087 accedit.
412 2021 463 2086 lbi
487 2022 609 2105 animo,
641 2022 686 2086 ibi
709 2043 844 2106 corpore
867 2020 1005 2084 maxime
1027 2043 1079 2088 va·

58 2112 117 2176 100.
163 2110 250 2175 Nam
290 2111 404 2176 studiis
434 2110 592 2194 animum,
630 2114 747 2175 venatu
790 2131 906 2193 corpus
939 2131 1080 2175 exerceo.

58 2199 123 2264 Mei
152 2222 280 2284 quoque
307 2222 467 2285 nusquam
497 2200 656 2265 salubrius
681 2200 817 2284 degunt3
849 2219 952 2281 usque
976 2199 1081 2265 adhuc
1098 2215 1134 2264 46

60 2295 145 2354 certe
168 2290 329 2354 neminem
354 2313 393 2354 ex
416 2291 472 2372 iis,
503 2311 583 2372 qnos
608 2290 779 2352 eduxeram
803 2308 943 2371 mecum,
974 2285 1081 2376 (venia

60 2379 102 2442 sit
126 2377 236 2463 dicto),
251 2378 296 2442 ibi
320 2379 421 2445 amisi.
467 2378 510 2442 Di
538 2377 636 2442 modo
664 2378 699 2441 in
726 2380 892 2461 posterum
914 2377 977 2444 hoc
1000 2378 1081 2442 mihi

19 2484 43 2525 ²⁶
60 2467 224 2554 gaudium,
246 2467 331 2532 hanc
354 2466 491 2552 gloriam
514 2469 587 2533 loco
612 2471 746 2531 servent.
793 2464 883 2531 Vale.

533 2632 601 2690 VH.

247 2760 279 2810 Ο.
293 2759 440 2810 PLINIUS
461 2758 632 2808 CALVISIO
651 2758 748 2810 RUFO
774 2759 843 2810 SUO
864 2760 891 2810 S.

125 2876 195 2942 Nec
228 2877 377 2942 heredem
416 2876 544 2941 institui
579 2897 638 2940 nec
672 2876 854 2962 praecipere
887 2897 982 2960 posse
1013 2889 1114 2941 rem1

58 2966 221 3050 publicam
251 2971 391 3049 constat,
419 2964 611 3030 Saturninus
634 2969 750 3050 autem,
782 2967 838 3051 qui
866 2988 927 3030 nos
950 2965 1082 3050 reliquit

19 3055 204 3139 coheredes,
233 3056 442 3140 quadrantem
466 3055 683 3139 reipublicae
710 3060 854 3138 nostrae,
884 3055 997 3119 deinde
1020 3077 1080 3138 pro

60 3145 236 3228 quadrante
250 3145 507 3228 praeceptionem
522 3143 829 3229 quadringentorum
845 3143 971 3209 milium
985 3144 1081 3209 dedit.

58 3233 139 3321 Hoc,
171 3234 197 3299 si
225 3235 276 3298 ius
300 3233 448 3317 aspicias,
476 3234 623 3317 inritum,
655 3234 683 3297 si
706 3233 849 3298 defimcti
872 3234 1082 3315 voluntatem,

58 3328 164 3388 ratum
194 3329 227 3389 et
254 3323 384 3387 firmum
413 3325 469 3388 est.
514 3322 597 3387 Mihi
624 3325 731 3387 autem
760 3322 904 3387 defuncti
931 3325 1115 3388 voluntasa

60 3469 61 3472 ¹
130 3481 244 3551 3Virg.
265 3481 385 3550 FDpr.
446 3482 515 3548 8ct.
533 3481 610 3550 Vero.
627 3479 661 3533 G.
677 3481 727 3535 IV
737 3484 798 3546 176,
818 3481 855 3534 al.
911 3486 1082 3550 10010010-

59 3552 140 3605 stinis
153 3554 224 3606 meis
238 3565 261 3618 s,
281 3553 348 3607 Otto.
415 3555 449 3606 2⁷
463 3551 538 3610 Rufo
553 3569 588 3610 cc
602 3551 695 3611 tredico
708 3551 769 3611 cod.
778 3552 819 3625 R,
831 3551 1102 3612 cubiculumque.

95 3654 203 3694 Parrus
214 3657 304 3697 Mmos
319 3665 365 3702 110.
376 3661 508 3707 Rursum.
935 3669 956 3720 ‘A
