2400 3862
119 169 186 256 214
555 186 697 242 opnnu

98 373 100 377 ⁴
120 351 200 415 illud
218 352 302 417 iners
327 349 469 435 quidem,
492 350 668 416 iucundum
691 355 799 416 tamen
821 349 904 414 nihil
927 371 1034 436 agere,
1056 350 1144 414 nihil

120 462 202 525 esse;
229 441 308 505 adeo
336 441 439 504 multa
466 463 517 506 me
544 463 585 505 ne
610 441 676 505 otia
704 441 880 505 amicorum
907 461 967 505 neo
994 439 1144 505 secedere

84 545 178 594 oneo
201 528 328 620 studere
350 530 526 613 patiuntur.
572 463 672 594 Nulla
699 530 784 594 enim
812 529 919 594 studia
946 529 1029 593 tanti
1056 533 1145 615 sunt,

119 623 156 683 ut
188 618 348 684 amicitiae
380 619 525 699 officium
562 618 738 703 deseratur,
776 619 873 702 quod
899 617 1145 704 religiosissime

120 708 365 773 custodiendum
389 707 495 773 studia
518 708 588 792 ipsa
610 708 821 792 praecipiunt.
867 706 956 773 Vale.
1165 729 1177 769 e

613 875 648 932 X.

264 1000 295 1051 C.
314 1001 463 1051 PLINIUS
482 1000 627 1052 FABATO
646 971 867 1051 ΡΒΟΘΟΟΕΒΟ4
881 1000 949 1051 SUO
970 1001 998 1050 Sa

87 1133 100 1180 1
188 1116 258 1194 Quo
282 1118 385 1203 magis
409 1117 500 1203 oupis
524 1140 564 1183 ex
586 1117 679 1182 nobis
707 1121 901 1202 pronepotes
929 1116 1052 1200 videre,
1081 1119 1147 1182 hoe

120 1206 243 1271 tristior
266 1207 375 1272 audies
399 1211 528 1293 neptem
553 1211 655 1271 tuam
672 1208 821 1272 abortum
849 1207 976 1290 fecisse,
1004 1207 1081 1271 dum
1111 1230 1146 1272 se

121 1300 351 1382 praegnantem
376 1319 444 1362 esse
468 1297 655 1382 puellariter
677 1295 781 1362 nesoit
808 1317 846 1361 ae
873 1319 931 1380 per
957 1296 1021 1362 hoo
1049 1319 1147 1380 quae-
1166 1320 1191 1360 10

120 1386 193 1450 dam
213 1385 422 1454 custodienda
439 1386 691 1472 praegnantibus
709 1385 844 1470 omittit,
862 1385 940 1451 facit
959 1386 1146 1450 omittenda.

121 1475 223 1552 Quem
242 1497 382 1540 errorem
401 1477 527 1562 magnis
547 1475 747 1541 documentis
767 1475 910 1560 expiavit
928 1476 962 1538 in
981 1497 1147 1539 summum

84 1578 99 1625 2
120 1565 299 1647 perieulum
323 1564 468 1630 adducta.
514 1563 632 1650 Igitur,
651 1570 688 1629 ut
711 1586 840 1630 neeesse
863 1567 912 1629 est
935 1564 1076 1650 graviter
1095 1586 1148 1630 ao-

120 1653 220 1736 oipies
244 1656 441 1718 senectutem
464 1657 553 1718 tuam
578 1654 671 1738 quasi
697 1653 818 1738 paratis
846 1653 984 1737 posteris
1013 1653 1148 1719 destitu-

90 1826 93 1833 Δ
120 1747 200 1823 tam,
224 1743 271 1806 sio
294 1742 389 1807 debes
414 1765 508 1828 agere
531 1743 579 1809 dis
600 1744 735 1828 gratias,
753 1743 839 1826 quod
859 1744 905 1806 ita
922 1742 984 1807 tibi
1002 1742 1037 1807 in
1055 1765 1148 1827 prae·
1168 1765 1193 1806 ιε

120 1831 223 1895 sentia
254 1835 447 1916 pronepotes
484 1836 697 1918 negaverunt,
732 1835 770 1896 ut
806 1835 970 1897 servarent
1005 1835 1148 1916 neptem,

119 1920 193 1984 illos
225 1919 396 2005 reddituri,
429 1943 566 2004 querum
601 1920 695 1986 nobis
733 1943 822 2005 spem
860 1921 1039 1986 certiorem*
1066 1920 1149 1988 haee

120 2009 191 2094 ipsa
222 2031 416 2093 quamquam
444 2033 559 2094 parum
587 2031 740 2095 prospere
770 2011 936 2095 explorata
965 2009 1147 2077 fecunditas

84 2099 206 2164 efaoit.
257 2097 364 2165 Isdem
392 2121 480 2165 nune
507 2120 567 2185 ego
595 2105 628 2164 te
658 2099 774 2183 quibus
803 2101 910 2183 ipsum
941 2121 992 2164 me
1022 2099 1149 2184 hortor,

120 2210 248 2271 moneo,
269 2189 433 2253 confirmo.
474 2187 588 2271 Neque
607 2188 693 2253 enim
713 2189 875 2253 ardentius
895 2192 931 2253 tu
950 2193 1146 2273 pronepotes
1166 2214 1191 2253 so

120 2300 217 2360 quam
241 2299 302 2363 ego
325 2278 444 2343 liberos
470 2279 580 2362 oupio,
605 2277 728 2361 quibus
751 2277 863 2342 videor
886 2301 905 2342 a
928 2301 1000 2343 meo
1024 2282 1148 2362 tuoque

120 2367 220 2431 lutere
242 2388 382 2450 pronum
406 2366 446 2431 ad
469 2367 609 2432 honores
633 2368 694 2432 iter
718 2370 750 2432 et
768 2367 879 2432 audita
897 2368 994 2432 letius
1013 2369 1149 2433 nomina

121 2460 154 2520 et
182 2477 248 2520 non
279 2457 402 2522 subitas
436 2458 593 2542 imagines
626 2455 810 2522 relicturus:
842 2460 1016 2522 nascantur
1049 2457 1147 2522 modo

121 2548 153 2608 et
175 2544 262 2610 huno
284 2549 432 2610 nostrum
457 2547 600 2612 dolorem
624 2546 743 2632 gaudio
766 2547 905 2610 mutentl
951 2545 1040 2610 Vale.

608 2713 659 2772 XI.
1165 2727 1188 2772 re

343 2838 373 2888 C.
391 2839 539 2889 PLINIUS
558 2840 767 2890 HISPULLAE
788 2834 881 2889 SUAE
901 2840 928 2889 S.

88 2967 102 3014 1
192 2953 272 3018 Cum
310 2955 471 3021 adfectum
508 2961 600 3020 tuum
638 2979 714 3042 erga
749 2957 858 3021 fratris
895 2956 996 3020 filiam
1040 2955 1148 3042 oogito

124 3043 220 3107 etiam
247 3048 392 3110 materne
420 3046 621 3132 indulgentia
651 3047 847 3128 molliorem,
877 3045 1031 3130 intellego
1059 3045 1149 3129 prius

123 3133 197 3214 tibi,
226 3134 312 3216 quod
341 3138 389 3199 est
417 3135 593 3219 posterius,
615 3134 848 3218 nuntiandum,
878 3139 915 3198 nt
942 3139 1151 3218 praesumpte

122 3222 246 3286 laetitia
273 3223 485 3288 sollicitudini
508 3226 617 3290 looum
640 3247 707 3290 non
729 3224 900 3307 relinquat.
947 3222 1193 3309 Quemquamne

124 3333 251 3394 vereor,
280 3335 321 3376 ne
344 3316 419 3397 post
443 3315 693 3399 gratulationem
723 3333 850 3396 quoque
874 3313 908 3376 in
931 3316 1054 3378 metum
1081 3313 1152 3378 red-

177 3506 283 3558 3sunt
296 3522 349 3560 om.
367 3509 411 3576 M,
429 3509 507 3565 1111.
584 3513 618 3564 12
633 3505 812 3564 detrimentis
825 3505 924 3560 (loton.
1002 3511 1035 3558 21
1053 3505 1154 3561 videor

86 3581 106 3616 ἃ
124 3585 195 3625 ²1100
213 3576 254 3644 B,
277 3579 433 3650 Budaeus,
456 3582 544 3640 video
564 3602 581 3638 a
601 3598 667 3638 meo
688 3598 717 3648 u,
734 3594 754 3633 o
772 3594 826 3633 oot-
841 3576 939 3640 M,K.
953 3577 979 3627 l=
