2400 3862
356 201 618 257 EPISTULARUM
636 202 662 255 11
682 208 795 257 14-1‘1,
1035 207 1079 270 49

97 363 263 428 consitiis
286 365 382 430 etiam
406 369 534 447 notum,
562 366 617 448 qui
639 366 723 430 nihil
746 366 833 431 aliud
857 366 970 430 sciunt.
1018 365 1080 431 Sed
1100 388 1115 435 2

94 472 139 536 ego
158 455 313 537 propriam
337 455 499 539 quandam
522 457 627 541 legem
651 456 732 519 mihi
755 457 836 537 dixi,
858 459 895 519 ut
917 457 1081 521 defuncto-

29 592 31 609 ,
93 561 144 605 mm
167 545 360 626 voluntates,
388 544 515 608 etiamsi
543 545 612 609 iure
640 545 864 628 deficerentur,
894 547 986 628 quasi
1012 568 1082 629 per·

92 628 166 695 hctus
191 635 304 699 tuerer.
352 630 488 698 Constat
517 639 624 698 autem
648 635 814 699 codicillos
838 635 917 698 istos
941 633 1082 699 Aciliani

58 734 161 785 suano
187 721 332 805 scriptos.
378 722 470 786 Licet
498 744 574 809 ergo
602 745 670 788 non
693 725 758 788 sint
782 724 964 788 confirmati
986 727 1116 790 testa-3

85 813 185 894 uento,
207 833 227 874 a
248 833 300 875 me
318 815 426 876 tamen
444 815 482 876 ut
500 813 682 877 confirmati
701 814 971 894 observabuntur,
993 835 1081 897 prae-

84 899 172 964 erum
192 921 268 964 cum
291 900 427 965 delatori
449 901 540 966 locus
563 902 698 967 nonsit.
739 901 838 985 Nam,
862 903 889 966 si
907 903 1081 967 verendum
1100 921 1117 969 4

82 992 158 1072 essct,
183 1011 238 1071 ne,
262 990 349 1073 quod
373 1011 433 1075 ego
457 991 628 1073 dedissem,
651 993 791 1075 populus
816 991 965 1075 eriperet,
989 1013 1082 1056 cunc·

81 1076 182 1142 lentior
211 1078 348 1144 fortasse
381 1085 414 1143 et
445 1080 570 1144 cautior
603 1102 671 1144 esse
707 1081 867 1162 deberem3
900 1102 973 1144 cum
1005 1104 1081 1146 vero

53 1162 158 1231 nliceat
177 1167 287 1232 heredi
310 1168 443 1251 donare,
466 1169 553 1251 quod
573 1169 607 1233 in
625 1169 801 1234 hereditate
820 1169 978 1250 subsedit,
1000 1171 1083 1234 nihil

81 1257 130 1336 cst,
148 1258 232 1340 quod
256 1257 363 1322 obstet
386 1258 435 1321 illi
459 1280 547 1322 meae
570 1259 649 1344 legi,
673 1259 725 1322 cui
744 1258 892 1341 publicae
910 1260 997 1342 leges
1016 1281 1083 1323 non

81 1349 250 1430 repugnant.
296 1345 386 1411 Vale.

528 1513 623 1575 XVH.

337 1638 368 1689 O.
383 1639 530 1689 PLINIUS
551 1639 672 1690 GALLO
693 1640 761 1690 SUO
782 1641 808 1690 S.

55 1756 72 1796 ¹⁶
127 1751 262 1836 Miraris,
299 1777 357 1820 cur
389 1779 439 1820 me
471 1755 704 1822 Laurentinum
737 1759 803 1839 vel,
836 1759 862 1822 si
895 1758 941 1820 ita
972 1756 1117 1839 mavis,1

84 1835 204 1910 Laurens
237 1867 345 1909 meum
376 1848 468 1910 tanto
502 1868 598 1930 opere
631 1847 780 1911 delectet:
814 1847 938 1911 desines
966 1846 1083 1927 mirari,

84 1945 139 1995 cun
169 1936 357 2020 cognoveris
390 1935 527 2019 gratiam
560 1936 671 2018 villae,
703 1937 978 2019 opportunitatem
1011 1935 1084 2015 loci,

83 2014 167 2086 litoris
189 2024 340 2107 spatium.
382 2023 502 2088 Decem
525 2028 557 2088 et
580 2030 703 2108 septem
721 2026 852 2089 milibus
871 2045 1025 2107 passuum
1044 2022 1083 2086 ab
1104 2042 1119 2088 a

29 2156 31 2191 ;
84 2106 145 2203 prbe
170 2113 314 2194 secessit,
341 2116 379 2177 ut
401 2113 552 2196 peractis,
581 2135 662 2196 quae
686 2113 811 2200 agenda
833 2114 966 2194 fuerint,
995 2114 1084 2177 salvo

53 2208 130 2263 ¹llam
156 2204 187 2265 et
214 2204 396 2284 composito
426 2202 476 2266 die
499 2204 604 2285 possis
628 2204 673 2268 ibi
696 2224 832 2267 manere.
878 2200 997 2266 Aditur
1019 2224 1085 2267 non

81 2302 131 2352 una
150 2291 215 2374 via3
237 2313 313 2354 nam
337 2294 369 2354 et
387 2291 582 2356 Laurentina
606 2296 637 2355 et
656 2291 813 2357 Ostiensis
837 2292 949 2355 eodem
968 2292 1086 2374 ferunt,

82 2376 122 2441 'ed
143 2378 339 2444 Laurentina
369 2402 388 2443 a
418 2385 532 2463 quarto
563 2382 687 2445 decimo
711 2382 833 2464 lapide,
864 2380 1020 2446 Ostiensis
1045 2381 1085 2444 ab

80 2466 232 2533 undecimo
261 2469 471 2552 relinquenda
499 2474 554 2534 est.
601 2470 774 2552 Utrimque
803 2471 923 2554 excipit
945 2471 1005 2533 iter
1029 2470 1084 2533 ali-

79 2571 130 2635 qua
151 2580 189 2622 ex
212 2562 304 2642 parte
327 2559 519 2623 harenosum
544 2561 662 2624 iunctis
686 2561 783 2642 paulo
808 2561 938 2645 gravius
963 2563 994 2622 et
1016 2560 1085 2622 lon-

49 2644 149 2730 2lgius,
181 2669 266 2731 equo
299 2648 395 2711 breve
427 2652 459 2712 et
492 2650 599 2713 molle.
651 2647 749 2712 Varia
781 2649 856 2712 hinc
885 2655 983 2730 atque
1011 2649 1120 2711 indes

75 2732 175 2820 facies;
205 2758 281 2801 nem
313 2738 409 2801 modo
441 2738 683 2803 occurrentibus
713 2739 802 2802 silvis
833 2738 885 2801 via
915 2740 1086 2818 coartatur,

74 2825 159 2890 nodo
193 2825 358 2890 latissimis
391 2828 492 2909 pratis
527 2826 717 2890 diffrmditur
750 2833 781 2892 et
808 2826 958 2910 patescit,
991 2827 1086 2889 multi

72 2933 176 3000 greges
215 2916 339 2998 ovium,
375 2917 479 2980 multa
515 2916 561 2979 ibi
595 2938 764 3001 equorum,
802 2916 901 2980 boum
934 2919 1085 2997 armenta,

71 3023 145 3085 quae
173 3004 339 3069 montibus
367 3004 472 3069 hieme
502 3006 634 3088 depulsa
662 3005 769 3069 herbis
798 3012 831 3069 et
853 3009 963 3087 tepore
986 3026 1085 3068 verno

35 3092 234 3158 eniterent.
280 3094 369 3159 Villa
395 3095 506 3159 usibus
535 3116 648 3177 capax,
676 3117 742 3159 non
765 3097 954 3177 sumptuosa
976 3095 1085 3157 tutela.

70 3179 162 3247 (iuius
181 3183 217 3247 in
235 3183 339 3266 prima
357 3187 448 3266 parte
466 3183 584 3247 atrium
602 3183 690 3268 frugi
708 3205 766 3247 nec
785 3187 892 3247 tamen
912 3182 1085 3263 sordidum,
1105 3196 1122 3244 4

136 3382 169 3431 11
190 3368 237 3431 cui
256 3394 306 3432 om.
326 3377 523 3443 RFfortaeae
541 3383 617 3431 recte.
657 3382 690 3431 18
710 3379 738 3431 et
757 3377 933 3431 omMVR.
992 3381 1023 3429 19
1043 3391 1086 3429 re-

68 3448 150 3501 cessit
169 3449 208 3503 K.
218 3450 256 3504 ΙΙ
272 3450 354 3517 (disp.
374 3450 395 3502 1
411 3466 440 3517 p.
462 3453 518 3516 16),
538 3451 573 3515 cf.
592 3451 671 3517 iufra
691 3450 753 3514 V6,
771 3453 796 3502 2.
894 3453 928 3500 28
946 3446 1087 3514 boumque

67 3517 177 3586 Frsa,
198 3520 272 3585 Otto,
292 3520 400 3586 Mucii,
419 3520 466 3574 sed
480 3521 515 3590 cf.
530 3523 587 3578 111
604 3527 629 3591 1,
645 3526 688 3578 10.
760 3525 794 3575 ‘lt
811 3522 914 3591 tepere
933 3519 1096 3582 noves,

66 3591 336 3657 temporeMBpr,
356 3592 393 3658 σί
421 3593 485 3663 76,
503 3600 531 3655 4,

97 3689 205 3730 ramus
219 3693 310 3734 Muros
321 3702 367 3741 nn.
382 3702 514 3755 Kuxum,
955 3705 977 3755 ι,
