2400 3862
91 201 133 265 38
524 194 552 250 c.
572 193 671 249 mnu

91 360 178 425 Nam
200 361 291 425 lacus
315 360 448 444 piscem,
472 359 555 426 feras
580 359 692 442 silvae,
716 359 833 443 quibus
855 359 944 423 lacus
964 358 1116 444 cingitur,

56 469 72 518 2
92 450 199 514 studia
222 449 398 514 altissimus
421 450 483 514 iste
506 469 650 514 secessus
669 448 803 513 adfatim
821 451 1008 533 suggerunt.
1042 445 1116 530 Sed,

92 540 160 604 sive
183 540 292 603 omnia
314 538 411 602 simul
429 537 497 603 sive
515 537 638 621 aliquid
656 537 748 621 facis,
771 559 838 602 non
856 558 989 622 possum
1009 536 1116 602 dicere

92 627 259 711 ‘invideo'3
289 650 391 713 angor
419 631 530 693 tamen
558 649 626 692 non
653 631 686 692 et
713 627 793 692 mihi
820 627 931 708 licere,
959 648 1041 711 qnae
1069 627 1115 691 sic

93 718 285 801 concupisco
322 721 360 782 ut
391 717 480 803 aegri
516 717 642 800 vinum,
678 717 818 799 balinea,
854 715 969 780 fontes.
1015 714 1115 780 Num·

93 828 231 889 quamne
267 805 327 871 hos
360 806 538 872 artissimos
569 806 716 890 laqueos,
754 806 782 869 si
814 806 938 870 solvere
969 808 1115 890 negatur,

57 916 72 964 3
92 895 304 979 abrumpam?
326 894 527 980 Numquam,
549 899 639 979 puto.
679 893 765 960 Nam
788 893 952 960 veteribus
975 895 1115 978 negotiis

91 1007 177 1049 nova
213 988 411 1068 accrescunt,
445 1005 506 1050 nec
537 988 646 1049 tamen
677 985 786 1068 priora
817 986 1031 1068 peraguntur:
1067 987 1116 1047 tot

92 1075 241 1157 nexibus,
265 1077 315 1138 tot
339 1075 430 1159 quasi
454 1075 575 1139 catenis
599 1072 701 1138 maius
725 1073 760 1137 in
778 1072 846 1138 dies
866 1073 1115 1156 occupationum

63 1206 64 1210 =
93 1185 209 1249 agmen
232 1163 423 1229 extenditur.
469 1162 558 1228 Vale.

575 1329 627 1387 IX.

320 1438 352 1488 C.
365 1438 513 1489 PLINIUS
531 1436 756 1488 APOLLINARI
775 1437 844 1488 SUO
864 1437 891 1488 S.

58 1558 73 1606 1
165 1537 308 1602 Anxium
328 1561 379 1602 me
399 1541 431 1602 et
454 1538 635 1622 inquietum
653 1536 751 1601 habet
774 1537 888 1620 petitio
908 1536 999 1602 Sexti
1017 1537 1117 1602 Eruci

94 1627 164 1690 mei.
211 1626 356 1691 Adficior
386 1648 462 1691 cura
492 1630 538 1711 ct,
568 1648 664 1710 quam
694 1647 753 1709 pro
784 1648 835 1691 me
864 1626 1117 1692 sollicitudinem

93 1738 160 1779 non
183 1716 260 1798 adii,
284 1716 375 1799 quasi
398 1738 457 1799 pro
481 1738 533 1780 me
557 1717 658 1780 altero
682 1715 801 1798 patior;
824 1719 857 1781 ct
879 1715 1003 1799 alioqui
1026 1737 1116 1781 meus

93 1806 211 1888 pudor,
236 1826 307 1868 mea
330 1805 539 1887 existimatio,
562 1827 633 1868 mea
656 1803 797 1888 dignitas
820 1806 855 1868 in
877 1804 1050 1870 discrimen
1065 1805 1117 1870 ad-

58 1894 230 1962 aducitur.
276 1893 348 1979 Ego
378 1893 476 1959 Sexto
503 1895 607 1958 latum
639 1894 765 1958 clavum
797 1892 971 1959 aansarc
994 1898 1118 1977 nostro,

94 2006 154 2069 ego
178 1988 384 2067 quaesturam
413 1983 595 2067 impetravi,
626 2005 698 2047 meo
726 1983 879 2068 suffragio
907 1984 1117 2068 pervenitad

93 2074 142 2138 ius
167 2074 368 2138 tribunatum
391 2073 536 2156 petendi,
566 2094 661 2155 quem
689 2072 754 2136 nisi
784 2073 909 2137 obtinet
935 2073 971 2137 in
994 2078 1117 2157 senatu,

58 2183 217 2245 evereor,
244 2186 285 2227 ne
312 2163 475 2246 decepisse
504 2160 670 2226 Gaesarem
698 2162 814 2227 videar.
861 2160 1000 2226 Proinde
1028 2164 1117 2228 adni-

93 2251 226 2316 tendum
250 2257 298 2316 est
321 2253 415 2335 mihi,
442 2255 480 2315 ut
501 2252 599 2316 talem
623 2273 696 2316 cum
719 2251 863 2315 iudicent
885 2273 1011 2334 omnes,
1041 2274 1117 2336 qua·

93 2342 157 2405 lem
181 2363 249 2405 esse
272 2342 422 2425 princeps
437 2340 519 2406 mihi
537 2339 680 2406 credidit.
708 2339 796 2417 Quae
811 2363 908 2405 cansa
926 2341 953 2405 si
972 2341 1116 2406 studium

94 2452 201 2493 meum
224 2451 291 2493 non
314 2431 476 2512 incitaret,
500 2429 647 2494 adiutum
666 2434 774 2494 tamen
793 2451 942 2514 cuperem
966 2431 1117 2496 iuvenem

93 2519 338 2603 probissimum,
362 2520 604 2603 gravissimum,
628 2518 892 2603 eruditissimum,
917 2520 1005 2583 omni
1030 2521 1118 2585 deni·

95 2630 156 2690 que
188 2608 282 2672 laude
315 2609 540 2694 dignissimum
573 2613 605 2672 et
642 2608 771 2691 quidem
803 2631 877 2674 cum
908 2612 978 2673 tota
1010 2608 1116 2675 domo.

59 2697 179 2765 4Nam
210 2702 302 2781 pater
325 2698 353 2761 ei
381 2698 517 2763 Erucius
547 2696 673 2781 Clarus,
702 2699 753 2762 vir
780 2702 922 2782 sanctus,
953 2699 1116 2783 antiquus,

95 2787 233 2851 disertus
249 2791 345 2870 atque
360 2788 394 2851 in
408 2788 541 2872 agendis
556 2789 660 2852 causis
675 2788 876 2872 exercitatus,
896 2810 974 2872 quas
990 2810 1117 2853 summa

95 2876 173 2958 fide,
204 2877 275 2959 pari
308 2877 490 2941 constantia
519 2899 578 2940 nec
601 2876 794 2942 verecundia
818 2878 940 2942 minore
964 2878 1115 2943 defendit.

95 2964 203 3028 Habet
222 2967 416 3030 avunculum
437 2964 469 3029 O.
490 2964 681 3049 Septicium,
705 2988 769 3050 quo
788 2967 871 3030 nihil
894 2967 1015 3051 verius,
1032 2968 1117 3032 nihil

59 3074 75 3121 5
95 3054 288 3137 simplicius,
311 3056 394 3119 nihil
418 3054 598 3138 candidius,
620 3055 703 3120 nihil
720 3056 846 3120 fidelius
869 3056 954 3120 novi.
996 3055 1115 3122 Omnes

95 3166 146 3207 me
169 3144 314 3208 certatim
339 3149 371 3208 et
393 3149 502 3209 tamen
524 3145 701 3228 aequaliter
719 3149 837 3229 amant,
861 3145 1010 3211 omnibus
1030 3167 1116 3211 nunc

95 3255 155 3318 ego
186 3233 219 3296 in
250 3255 313 3296 uno
344 3235 463 3298 referre
493 3235 630 3319 gratiam
665 3256 806 3317 possum.
852 3234 965 3318 Itaque
998 3257 1114 3320 prenso

95 3323 228 3404 amicos,
252 3324 412 3407 supplico,
437 3323 558 3405 ambio,
576 3324 689 3388 domos
708 3324 926 3408 stationesque
946 3326 1116 3409 circumeo,

95 3416 316 3494 quantumque
335 3414 387 3477 vel
401 3414 592 3477 auctoritate
611 3414 663 3477 vel
682 3414 786 3497 gratia
809 3415 943 3498 valeam,
965 3416 1114 3499 precibus

144 3591 164 3635 3
179 3586 276 3641 maias
294 3591 354 3659 ΓΙ)
365 3603 418 3644 sa.
