2400 3862
95 217 157 282 178
529 211 557 268 C.
577 213 675 269 PLINI

92 382 174 442 tates
212 377 292 443 istae
329 378 476 443 satietate
511 378 730 463 languescant.
791 375 903 442 Saluta
938 377 1114 462 paulisper,

93 487 157 550 quo
188 467 232 532 sit
258 466 319 531 tibi
347 467 515 532 iucundius
546 467 679 531 salutari
686 515 695 548 ,
726 472 828 532 terere
858 466 892 530 in
919 467 981 532 hec
1007 466 1113 549 turbs,

56 560 130 620 lut
160 561 193 622 te
222 556 363 622 solitudo
393 557 537 621 delectet.
591 554 654 621 Sed
682 555 759 638 quid
787 555 988 640 imprudens,
1016 576 1114 639 quem

92 667 225 712 evocare
254 666 366 729 conor,
396 644 545 710 retardo?
574 643 723 710 Fortasse
753 645 839 709 enim
868 644 920 711 his
950 643 1029 729 ipsis
1060 645 1114 710 sd·

93 735 245 818 moneris,
275 738 312 799 ut
341 739 373 799 te
406 735 509 820 magis
537 756 575 799 ac
603 733 705 819 magis
737 735 803 799 otio
833 734 994 818 involvas3
1024 734 1145 818 quoda

56 840 152 910 sego
180 846 246 888 non
274 825 437 909 abrumpi,
466 824 521 889 sed
548 822 720 887 intermitti
747 824 832 889 volo.
878 822 925 890 Ut
952 823 1052 908 enim,
1086 824 1115 887 si

92 935 203 977 cenam
235 913 295 978 tibi
328 913 480 997 facerem,
517 912 664 978 dulcibus
697 911 778 978 cibis
814 933 902 978 acres
935 915 1114 997 acutosque

91 1002 272 1086 miscerem,
300 1007 338 1068 ut
370 1001 504 1068 obtusus
536 1001 601 1067 illis
634 1005 667 1066 ct
695 1000 814 1068 oblitus
847 1001 1032 1068 stomachus
1060 999 1114 1069 his

91 1091 298 1175 excitaretur,
324 1093 371 1157 ita
392 1113 479 1158 nunc
502 1094 627 1174 hortor,
660 1093 697 1155 ut
719 1090 987 1157 iucundissimum
1010 1111 1114 1177 genus

91 1181 175 1245 vitae
194 1203 260 1246 non
279 1182 377 1247 nullis
396 1181 557 1246 interdum
578 1180 670 1265 quasi
689 1180 837 1246 acoribus
857 1179 997 1245 condias.
1021 1178 1113 1245 Vale.
1133 1199 1158 1240 ro

572 1419 625 1478 lV.

256 1546 287 1598 0.
301 1546 448 1596 PLINIUS
467 1546 603 1596 PONTIO
622 1544 806 1594 ALLIFANO
827 1544 896 1594 SUO
916 1545 943 1593 ὃ.

56 1676 69 1723 1
157 1663 216 1728 Ais
234 1664 351 1749 legisse
370 1667 402 1728 te
420 1661 704 1747 hendecasyllabos
724 1683 826 1745 meos3
848 1660 985 1743 requiris
1005 1661 1114 1744 etiam,

91 1774 185 1835 quem
200 1753 241 1817 ad
255 1755 386 1818 modum
403 1753 562 1835 coeperim
577 1750 729 1834 scribere,
743 1751 856 1833 homo,
870 1754 907 1814 ut
919 1750 981 1814 tibi
990 1750 1114 1832 videor,

54 1855 232 1924 assuerus,
272 1845 309 1906 ut
337 1842 407 1925 ipse
436 1843 554 1923 fateor,
592 1862 659 1905 non
688 1841 825 1923 ineptus.
871 1838 1061 1923 Numquam
1093 1863 1113 1904 a
1131 1865 1155 1907 ιε

90 1931 215 2014 po‘e‘tioe
238 1928 351 2016 (altius
375 1930 460 1995 enim
483 1928 640 2015 repetam)
668 1930 791 1993 alienus
820 1929 881 2011 fui3
910 1929 1112 2011 quinetiam

91 2020 348 2104 quattuordecim
366 2024 461 2084 natus
480 2041 581 2084 annos
597 2018 750 2084 Graecam
768 2017 968 2102 tragoediam
987 2018 1112 2102 scripsi.
1191 2050 1196 2059 ·

55 2123 70 2170 3
91 2109 279 2187 ‘Qualeml'
303 2109 419 2192 inquis.
457 2109 590 2190 Nescio,
613 2107 779 2192 tragoedia
801 2105 984 2172 vocabatur.
1024 2106 1112 2189 Mox,

90 2222 163 2264 cum
183 2223 200 2264 e
219 2200 335 2264 militia
357 2198 481 2263 rediens
500 2198 534 2261 in
556 2197 660 2262 Icaria
677 2197 783 2260 insula
810 2196 914 2261 ventis
943 2196 1112 2280 detinerer,

90 2288 222 2354 Latinos
247 2291 354 2374 elegos
377 2288 411 2351 in
435 2288 516 2352 illud
535 2287 641 2369 ipsum
669 2308 756 2351 mare
780 2286 947 2370 ipsamque
970 2287 1111 2351 insulam
1130 2312 1156 2351 so

89 2378 159 2441 feci.
206 2378 368 2462 Expertus
392 2398 463 2442 sum
487 2398 537 2441 me
561 2375 734 2459 aliquando
759 2379 792 2440 et
813 2376 928 2458 heroo,
955 2374 1111 2440 hendeca-

90 2467 222 2549 syllabis
245 2488 332 2532 nunc
355 2468 510 2551 primum,
533 2487 671 2548 quorum
689 2465 744 2530 hic
761 2465 893 2548 natalis,
915 2465 995 2529 haec
1014 2485 1111 2530 causa

90 2559 150 2621 est:
182 2555 388 2640 Legebantur
414 2556 448 2619 in
471 2554 668 2620 Laurentino
695 2556 777 2619 mihi
804 2553 878 2618 libri
907 2552 1001 2618 Asini
1025 2551 1110 2618 Galli

90 2646 128 2710 de
146 2645 386 2728 comparatione
401 2645 502 2728 patris
517 2648 549 2708 et
567 2643 738 2710 Ciceronis.
775 2643 893 2708 Incidit
911 2643 1110 2728 epigramma

53 2747 70 2795 4
90 2733 251 2801 Ciceronis
273 2733 308 2797 in
330 2732 481 2798 Tironem
505 2756 607 2798 suum.
653 2733 749 2814 Dein,
774 2754 847 2797 cum
870 2732 1003 2797 meridie
1026 2731 1111 2819 (erat
1129 2756 1154 2797 rs

90 2825 175 2889 enim
199 2821 316 2908 aestas)
339 2823 536 2888 dormiturus
560 2846 612 2888 me
630 2823 835 2906 recepissem,
858 2843 918 2887 neo
941 2820 1111 2906 obreperet

90 2934 235 2997 somnus,
264 2912 357 2996 coepi
386 2909 535 2996 r'eputare
563 2912 720 2977 maximos
749 2913 891 2975 oratores
919 2911 982 2976 hoc
1010 2911 1109 2975 studii

89 3024 191 3088 genus
215 3006 247 3067 et
273 3002 307 3066 in
334 3001 603 3066 oblectationibus
631 3000 781 3065 habuisse
809 3004 841 3063 et
868 3001 902 3063 in
931 3000 1025 3064 laude
1053 3021 1108 3083 po·

54 3092 200 3156 osuisse.
246 3089 373 3156 latendi
403 3091 546 3154 animum
578 3095 753 3172 contraque
788 3090 974 3173 opinionem
1004 3110 1108 3153 meam

89 3185 164 3264 post
190 3181 322 3267 longam
351 3179 593 3244 desuetudinem
621 3200 776 3264 perquem
804 3179 922 3266 exiguo
952 3178 1107 3262 temporis
1127 3203 1153 3242 ro

161 3398 176 3445 2
192 3392 247 3446 tibi
261 3392 299 3446 sit
312 3393 342 3446 D
346 3408 398 3461 pr.
471 3397 488 3444 4
502 3407 633 3446 revocare
648 3392 744 3459 Pomp.
759 3392 846 3457 Lact,
862 3392 899 3444 K.
911 3391 949 3444 11.
1024 3397 1038 3443 ‘1
1054 3390 1107 3445 tibi

89 3481 148 3520 cen.
164 3465 194 3518 D
197 3481 248 3532 pr.
323 3469 357 3518 10
376 3460 531 3517 acrioribus
551 3465 589 3518 M
588 3479 666 3532 pra.
741 3468 773 3515 12
789 3461 914 3516 Allifano
928 3462 992 3516 odd.
1009 3462 1106 3516 Maeli.

74 3536 239 3589 utVlas.
349 3534 473 3605 ioquin
493 3534 764 3602 Mso,qniDpr.
875 3538 908 3586 18
927 3550 951 3586 c.
967 3532 1107 3600 Hosoclrcr

47 3615 85 3662 fi
103 3606 148 3656 αϊ,
228 3607 453 3677 21heror'coa,
475 3607 575 3666 Oetae.
