2400 3862
92 199 159 265 282
415 194 444 250 C.
459 194 558 249 PLINI
575 195 622 249 ET
641 195 795 249 TltALth

94 359 161 424 sive
183 359 265 444 lapis
289 358 358 443 ipse
377 358 506 444 gracilis
530 362 563 423 et
583 359 701 443 putris:
725 359 860 445 dignum
883 361 932 423 est
953 361 1038 423 certe
1062 358 1115 422 de·

92 449 296 531 liberatione,
326 448 409 512 sitne
438 448 620 513 faciendum
651 471 693 512 an
724 450 767 513 sit
795 447 1043 531 relinquendum
1072 469 1115 512 an

92 537 189 603 etiam
219 537 455 602 destruendum.
501 536 586 601 Nam
615 537 755 602 fulturae
785 559 823 603 ac
850 536 1116 620 substructiones,

93 627 211 710 quibus
234 626 370 691 subinde
393 626 580 710 suscipitur,
603 631 754 692 nontam
778 627 889 692 firmae
912 625 993 691 mihi
1016 647 1114 709 quam

57 729 73 779 8
93 719 299 800 sumptuosae
323 715 480 782 videntur.
517 715 604 780 Huic
621 716 747 780 theatro
767 739 807 780 ex
825 717 1026 800 privatorum
1045 717 1116 800 pol·
1138 733 1151 773 s

91 805 324 870 licitationibus
343 806 446 869 multa
463 804 633 888 debentur,
650 809 688 870 ut
706 805 857 870 basilicae
871 805 968 888 cirea,
986 807 1024 868 ut
1041 826 1117 889 por·

91 894 175 959 ticus
213 915 310 978 supra
346 915 484 959 caveam.
531 893 619 971 Quae
654 916 742 960 nunc
779 895 887 959 omnia
923 893 1118 959 differuntur

56 998 73 1045 4
92 986 236 1048 cessante
261 1005 313 1068 eo,
337 984 423 1067 quod
446 986 521 1048 ante
543 984 763 1071 peragendum
786 987 843 1048 est.
884 982 985 1048 Iidem
999 982 1116 1048 Nicas-

92 1094 182 1137 enses
215 1074 420 1159 gymnasium
457 1073 605 1138 incendio
642 1075 796 1139 amissum
833 1077 907 1138 ante
939 1073 1116 1137 adventum

93 1184 200 1226 meum
218 1163 386 1227 restituere
405 1167 580 1246 coepenmt
597 1164 695 1250 longe
713 1163 916 1227 numerosius
935 1161 1115 1246 laxiusque,
1135 1178 1159 1219 1⁰

93 1273 190 1334 quam
207 1251 325 1336 fuerat,
345 1255 377 1316 et
394 1252 459 1316 iam
473 1252 675 1336 aliquantum
689 1255 916 1336 erogaverunt,
934 1251 1116 1334 periculum

93 1344 155 1420 est,
178 1363 219 1406 ne
238 1363 353 1424 parum
371 1341 509 1426 utiliter;
532 1343 785 1426 incompositum
809 1341 895 1406 enim
915 1345 947 1404 et
965 1361 1116 1424 sparsum

93 1433 150 1494 est.
198 1430 366 1495 Praeterea
391 1430 585 1496 architectus
616 1453 692 1496 sane
718 1432 863 1495 aemulus
893 1429 976 1514 eius,
1005 1451 1114 1513 aquo

92 1540 174 1602 opus
216 1518 421 1584 inchoatum·
445 1524 506 1603 est,
548 1520 697 1584 adfirmat
737 1521 875 1603 parietes
917 1540 1115 1601 quamquam

92 1607 209 1693 viginti
239 1611 270 1671 et
300 1610 381 1673 duos
410 1609 507 1693 pedes
537 1610 621 1674 latos
649 1609 803 1693 imposita
830 1630 928 1673 onera
954 1610 1115 1673 sustinere
1134 1623 1158 1664 ¹⁶

91 1718 158 1760 non
180 1717 289 1779 posse,
312 1698 388 1779 quia
411 1698 476 1762 sint
495 1703 660 1763 caemento
685 1698 782 1764 medii
799 1698 876 1762 farti
893 1719 954 1762 nec
971 1701 1114 1762 testaceo

57 1799 188 1869 supere
211 1785 395 1868 praecincti.
443 1785 715 1871 Claudiopolitani
743 1809 871 1871 quoque
899 1787 934 1851 in
961 1787 1114 1872 depresso

91 1874 178 1957 loco,
212 1874 389 1939 inminente
422 1876 518 1940 etiam
548 1880 663 1962 monte,
691 1878 804 1962 ingens
835 1876 999 1941 balineum
1027 1875 1114 1941 defo-

92 1962 186 2028 diunt
208 1965 311 2050 magis
331 1986 428 2047 quam
447 1964 631 2049 aedificant,
654 1966 835 2049 etquidem
855 1988 894 2030 ex
913 1988 950 2030 ea
967 1966 1114 2049 pecunia,

92 2074 190 2135 quam
213 2053 363 2118 buleutae
386 2053 487 2117 additi
509 2054 666 2119 beneficio
690 2059 746 2119 tuo
767 2058 823 2119 aut
841 2055 906 2119 iam
925 2055 1115 2119 obtulerunt
1133 2071 1158 2110 2⁰

57 2142 134 2206 sob
158 2143 327 2208 introitum
355 2146 411 2207 aut
438 2142 532 2207 nohis
558 2143 761 2229 exigentibus
790 2145 969 2209 conferunt.
1014 2144 1113 2230 Ergo,

92 2251 165 2296 cum
188 2232 334 2316 timeam,
363 2254 404 2296 ne
427 2233 495 2297 illic
522 2233 654 2316 publiea
676 2233 827 2318 pecunia,
856 2234 922 2312 hio,
954 2233 1041 2316 quod
1065 2236 1114 2298 est

92 2322 182 2384 omni
204 2323 341 2405 pecunia
363 2322 546 2406 pretiosius,
570 2345 686 2388 munus
709 2327 802 2387 tuum
821 2325 904 2387 male
928 2324 1114 2406 collocetur,

92 2431 192 2495 cogor
205 2414 314 2493 petere
329 2434 348 2475 a
361 2415 409 2494 te,
431 2433 498 2476 non
513 2413 618 2477 solum
633 2412 674 2477 ob
689 2411 865 2495 theatrum,
888 2434 999 2476 verum
1014 2411 1113 2476 etiam

92 2499 133 2564 ob
147 2500 227 2564 haec
240 2499 367 2565 balinea
389 2502 497 2565 mittas
516 2501 728 2566 architectum
747 2502 980 2585 dispecturum,
1003 2505 1113 2566 utrum
1132 2517 1158 2556 2⁵

92 2589 135 2654 sit
157 2588 269 2653 utilius
293 2593 369 2673 post
391 2594 571 2675 sumptum,
595 2592 651 2674 qui
664 2592 768 2656 factus
784 2594 845 2674 est,
869 2590 1112 2674 quoquomodo

92 2699 314 2743 consummare
338 2701 450 2763 opera,
472 2684 509 2743 ut
531 2680 683 2746 inchoata
706 2686 796 2763 sunt,
819 2703 875 2762 an,
898 2701 980 2763 quae
1003 2680 1113 2744 viden-

90 2772 145 2832 tur
158 2767 368 2850 emendanda,
386 2769 561 2854 corrigere,
584 2791 665 2852 quae
679 2769 913 2851 transferenda,
930 2769 1114 2852 transferre,

91 2880 144 2940 ne,
178 2857 254 2921 dum
278 2878 404 2921 servare
427 2859 591 2942 volumus,
622 2860 708 2942 quod
732 2859 913 2942 impensum
937 2861 998 2942 est,
1029 2860 1113 2924 male

90 2946 329 3031 impendamus,
352 2947 439 3029 quod
463 2948 644 3013 addendum
668 2951 724 3012 est.
1132 2961 1159 3001 ³⁰

488 3115 549 3173 nn.
580 3113 712 3191 [unm]

432 3242 614 3293 TRAIANUS
633 3242 769 3292 PLINIO.

58 3357 71 3404 1
160 3338 244 3416 Quid
263 3344 411 3425 oporteat
429 3341 499 3405 fieri
519 3342 603 3407 circa
622 3341 797 3425 theatrum,
822 3342 909 3424 quod
923 3340 1113 3406 inchoatum

93 3429 178 3512 apud
196 3428 389 3496 Nicaeenses
408 3434 469 3514 est,
492 3430 527 3495 in
545 3453 580 3496 re
598 3431 760 3514 praesenti
779 3432 900 3515 optime
920 3430 1112 3496 deliberabis

142 3591 161 3638 2
176 3589 396 3658 perficiendum
415 3593 460 3652 cel
479 3590 669 3651 efficiendum
687 3589 851 3656 Gcsuthar„
870 3587 959 3653 etad
974 3590 1122 3651 masna
