2400 3862
114 197 180 263 234
549 189 696 246 cmm

79 357 223 440 ctubas,
255 356 418 438 sudorem,
450 357 629 439 pulverem,
661 357 744 421 soles
777 355 965 442 cogitamus.
1017 354 1138 437 Habes,

114 449 151 510 ut
174 449 269 530 puto,
292 445 410 511 iustam
434 445 686 528 excusationem,
709 466 806 530 quam
830 448 939 509 tamen
962 443 1076 509 dubito
1096 467 1139 509 an

113 535 174 601 tibi
201 535 331 619 probari
362 535 468 599 velim.
520 533 582 599 Est
609 535 694 599 enim
723 534 839 599 summi
871 534 991 598 amoris
1018 555 1138 620 negare

114 625 241 689 reniam
278 624 428 689 brevibus
466 624 613 708 epistulis
651 624 841 706 amicorum,
875 623 1021 707 quamvis
1054 624 1138 688 scias

114 715 179 778 illis
204 717 349 778 constare
372 713 538 778 rationem.
585 711 674 777 Vale.
1157 735 1168 774 5

597 913 652 974 ΠΙ.

369 1040 400 1091 O.
415 1040 562 1091 PLINIUS
581 1040 743 1092 PAULINO
764 1040 833 1090 SUO
853 1039 881 1090 S.

80 1179 93 1225 1
181 1157 275 1225 Alius
299 1159 400 1224 aliud:
424 1181 484 1244 ego
509 1159 730 1224 beatissimum
758 1159 922 1241 existimo,
950 1161 1006 1242 qui
1035 1160 1139 1224 bonae

115 1271 347 1333 mansuraeque
379 1248 483 1312 famae
515 1249 777 1332 praesumptione
809 1248 987 1331 perfruitur
1018 1252 1139 1313 certus-

116 1361 176 1422 que
199 1339 398 1422 posteritatis
422 1359 496 1403 cum
518 1337 628 1402 futura
651 1338 754 1423 gloria
772 1338 861 1402 vivit.
907 1336 956 1402 Ac
976 1338 1056 1402 mihi
1075 1338 1139 1402 nisi
1167 1364 1192 1403 rc

115 1429 292 1512 praemium
316 1427 513 1492 aeternitatis
537 1430 611 1491 ante
635 1427 759 1510 oculos,
782 1427 903 1512 pingue
921 1428 1003 1491 illud
1022 1428 1139 1491 altum-

79 1535 177 1600 aque
207 1517 309 1581 otium
336 1518 470 1600 placeat.
517 1516 647 1580 Etenim
678 1537 788 1580 omnes
821 1516 968 1581 homines
1000 1515 1140 1580 arbitror

116 1609 263 1690 oportere
301 1610 356 1669 aut
392 1605 657 1671 inmortalitatem
694 1626 785 1669 suam
818 1607 874 1669 aut
906 1606 1138 1670 mortalitatem

115 1696 270 1780 cogitare,
303 1697 335 1757 et
363 1695 436 1758 illos
466 1694 595 1778 quidem
618 1693 822 1777 contendere,
852 1695 943 1777 eniti,
966 1695 1027 1759 hos
1051 1694 1139 1778 quie-

115 1805 216 1866 scere,
239 1783 361 1847 remitti
383 1805 442 1848 nec
464 1785 593 1848 brevem
616 1783 717 1848 vitam
741 1784 868 1848 caducis
896 1783 1063 1848 laboribus
1092 1783 1182 1848 fa-1a

115 1874 232 1959 tigare,
255 1876 291 1936 ut
314 1872 407 1938 rideo
431 1873 550 1936 multos
579 1873 696 1936 misera
723 1872 820 1937 simul
847 1875 879 1936 et
906 1873 1033 1958 ingrata
1061 1874 1139 1937 ima·

80 1980 95 2027 3
116 1963 190 2048 gine
213 1961 389 2027 industriae
412 1962 452 2025 ad
476 1961 633 2025 vilitatem
656 1960 707 2025 sui
734 1962 909 2045 pervenire.
960 1959 1050 2027 Haec
1078 1983 1138 2048 ego

115 2056 236 2134 tecum,
267 2073 347 2134 quae
378 2051 495 2116 cotidie
526 2072 665 2134 mecum,
698 2054 734 2114 ut
765 2050 908 2115 desinam
940 2073 1081 2135 mecum,
1112 2053 1140 2117 si

115 2141 283 2206 dissenties
306 2144 359 2223 tu;
378 2161 573 2223 quamquam
592 2161 658 2204 non
677 2138 860 2224 dissenties,
883 2144 920 2205 ut
939 2141 995 2224 qui
1014 2162 1141 2224 semper

116 2232 238 2296 clarum
262 2230 383 2312 aliquid
407 2233 439 2294 et
462 2230 632 2295 inmortale
655 2229 816 2295 meditere.
864 2228 953 2294 Vale.
1158 2255 1183 2294 ac

603 2433 654 2492 IV.

372 2559 402 2610 C.
418 2560 564 2610 PLINIUS
584 2559 749 2612 MACRINO
770 2561 839 2611 SUO
860 2561 887 2612 S.

82 2695 95 2741 1
183 2675 332 2759 Vererer,
362 2699 402 2741 ne
433 2677 626 2742 inmodicam
657 2679 835 2743 orationem
865 2682 1011 2763 putares,
1041 2703 1139 2764 quam

117 2788 190 2830 cum
213 2766 274 2831 hac
298 2766 436 2849 epistula
465 2767 616 2851 accipies,
638 2767 702 2831 nisi
726 2772 809 2832 esset
838 2769 962 2854 generis
992 2769 1073 2853 eius,
1102 2775 1139 2836 ut

118 2877 211 2939 saepe
235 2855 389 2939 incipere,
412 2877 505 2939 saepe
530 2856 672 2920 desinere
695 2857 849 2920 videatur.
895 2857 980 2921 Nam
1002 2859 1139 2944 singulis
1158 2882 1183 2922 as

81 2961 97 3008 2
118 2944 305 3009 criminibus
330 2945 475 3030 singulae
498 2946 588 3009 relut
611 2968 724 3010 causae
753 2947 965 3011 continentur.
1012 2947 1139 3014 Poteris

116 3055 206 3118 ergo,
230 3034 453 3117 undecumque
477 3035 634 3118 coeperis,
661 3035 855 3118 ubicumque
884 3035 1029 3119 desieris,
1057 3059 1139 3120 quae

117 3121 266 3206 deinceps
291 3127 478 3206 sequentur,
497 3128 529 3188 et
552 3125 643 3207 quasi
664 3124 852 3208 incipientia
869 3126 975 3210 legere
995 3128 1027 3190 et
1046 3129 1139 3210 quasi

117 3212 321 3277 cohaerentia
353 3235 466 3296 meque
497 3214 531 3276 in
561 3213 769 3278 universitate
798 3214 1038 3300 longissimum,
1069 3217 1138 3281 bre·

117 3301 283 3365 vissimum
303 3303 504 3385 inpartibus
528 3303 676 3368 iudicare.
723 3301 811 3367 Vale.
1157 3328 1182 3367 ec

178 3517 198 3561 8
214 3512 298 3564 aliud
314 3515 418 3583 Moe
426 3532 448 3580 r,
469 3515 517 3582 K,
537 3513 625 3568 alium
644 3531 671 3582 u,
691 3515 787 3568 Maeli.
884 3518 918 3567 20
937 3514 1073 3570 meditere
1094 3518 1137 3582 M,

84 3577 235 3633 meditare
255 3600 280 3647 a,
301 3586 458 3642 mediteris
478 3606 502 3644 r.
