2400 3862
84 160 128 226 54
521 153 664 209 0101111

33 342 68 391 aa
145 319 284 384 Iustisne
299 319 338 383 de
353 319 456 384 causis
474 318 538 383 iam
551 317 613 383 tibi
627 318 738 383 videor
753 317 902 401 incolere,
915 317 1108 401 inhabitare,
1193 348 1194 352 ¹

87 410 220 495 diligere
243 408 425 474 secessum?
448 430 543 492 quem
566 411 603 472 tu
621 408 718 473 nimis
736 406 878 473 urbanus
898 428 931 472 es
949 407 1013 471 nisi
1032 427 1108 472 con·
1187 404 1190 411 '

88 499 234 583 cupiscis.
261 496 369 582 Atque
379 497 502 562 utinam
513 497 733 582 concupiscas!
749 500 786 561 ut
793 500 845 562 tot
853 495 1016 580 tantisque
1024 495 1108 561 doti-

87 589 148 653 bus
171 589 302 652 villulae
320 590 447 652 nostrae
466 587 605 651 maxima
628 585 864 652 commendatio
888 608 928 651 ex
950 589 1008 650 tuo
1033 606 1108 651 con·
1185 594 1188 599 '

87 677 237 742 tubernio
261 676 397 741 accedat.
435 675 524 741 Vale.
1131 707 1144 748 5

544 806 656 865 XVIII.

339 915 369 965 C.
384 915 532 966 PLINIUS
551 915 718 966 MAURICO
738 915 807 966 SUO
828 915 855 965 S.

55 1030 68 1078 1
148 1005 232 1082 Quid
256 1029 275 1069 a
296 1010 329 1070 te
353 1006 432 1070 mihi
455 1006 626 1072 iucundius
650 1005 758 1090 potuit
780 1004 920 1092 iniungi,
949 1027 1047 1089 quam
1072 1009 1109 1070 ut

88 1098 328 1179 praeceptorem
355 1095 463 1160 fratris
490 1096 539 1160 tui
561 1095 671 1159 liberis
695 1095 901 1178 quaererem?
945 1094 1032 1160 Nam
1055 1095 1108 1160 be·
1188 1122 1199 1173 ,ς

89 1184 204 1249 neficio
242 1189 298 1249 tuo
332 1184 365 1248 in
397 1185 542 1250 scholam
573 1185 669 1249 redeo
702 1187 734 1248 et
766 1184 855 1248 illam
887 1184 1109 1250 dulcissimam
1128 1212 1153 1252 ro
1191 1180 1199 1237 .'

90 1278 227 1338 aetatem
246 1275 338 1359 quasi
356 1297 499 1339 resumo:
522 1274 616 1339 sedeo
636 1273 720 1338 inter
737 1273 881 1355 iuvenes,
899 1278 937 1338 ut
956 1273 1109 1358 solebam,
1190 1310 1199 1319 ι

90 1368 187 1446 atque
211 1363 307 1428 etiarn
332 1364 490 1448 experior,
520 1367 677 1447 quantum
700 1362 786 1447 apud
808 1362 882 1427 illos
906 1364 1110 1429 auctoritatis

55 1475 130 1523 aex
160 1453 274 1517 studiis
296 1453 439 1517 habeam.
485 1452 571 1518 Nam
594 1453 740 1537 proxime
763 1451 925 1536 frequenti
948 1454 1110 1519 auditorio

89 1542 173 1606 inter
201 1564 234 1605 se
262 1563 369 1606 coram
393 1543 504 1606 multis
528 1543 649 1606 ordinis
672 1541 777 1606 nostri
800 1542 883 1606 clare
906 1542 1111 1607 iocabantur:

90 1632 222 1713 intravi,
245 1632 482 1714 conticuerunt3
506 1632 592 1713 quod
614 1652 681 1695 non
702 1630 868 1714 referrem,
889 1631 952 1696 nisi
976 1632 1016 1695 ad
1039 1633 1111 1697 illo·
1130 1658 1155 1701 rs

90 1743 162 1784 rum
186 1721 288 1805 magis
311 1721 439 1784 laudem
463 1743 559 1803 quam
583 1720 622 1783 ad
647 1742 749 1784 meam
774 1721 964 1804 pertineret,
987 1742 1024 1786 ac
1046 1722 1112 1788 nisi

92 1831 218 1892 sperare
241 1815 273 1873 te
297 1811 412 1873 vellem
436 1830 530 1893 posse
553 1809 662 1873 fratris
685 1810 734 1873 tui
756 1809 842 1874 filios
861 1809 961 1893 probe
980 1810 1112 1877 discere.

56 1898 185 1975 aQuod
216 1902 374 1983 superest,
405 1920 478 1962 curn
501 1920 625 1980 omnes,
656 1899 711 1982 qui
734 1899 941 1983 profitentur,
971 1900 1113 1986 audiero,

92 1988 226 2071 quidde
246 2009 374 2071 quoque
393 1988 542 2072 sentiam,
562 1988 699 2052 scribam
718 1988 933 2075 efficiamque,
953 1993 1112 2073 quantum

91 2082 199 2142 tamen
222 2079 360 2162 epistula
383 2077 538 2161 consequi
561 2081 688 2161 potero,
710 2081 747 2141 ut
765 2077 835 2161 ipse
853 2101 964 2143 omnes
984 2079 1112 2146 audisse
1131 2110 1157 2150 so

56 2166 237 2235 evidearis.
293 2166 402 2232 Debeo
436 2167 521 2230 enim
554 2166 627 2247 tibI,
665 2166 764 2230 debeo
798 2169 970 2232 memoriae
1002 2168 1112 2234 fratrIs

91 2256 140 2319 tui
159 2256 242 2320 hanc
261 2257 373 2339 fidem,
391 2257 454 2321 hoc
473 2255 630 2338 studium,
648 2257 836 2339 praesertim
856 2279 951 2340 super
964 2261 1056 2322 tanta
1069 2282 1112 2324 re.

91 2344 176 2408 Nam
206 2345 283 2428 quid
312 2347 414 2431 magis
442 2345 576 2410 interest
602 2349 721 2426 vestra,
751 2367 847 2428 quam
875 2350 912 2409 ut
934 2345 1028 2410 liberi
1051 2345 1113 2434 (di-

93 2456 197 2498 cerem
230 2435 291 2516 tui,
324 2434 387 2498 nisi
419 2457 505 2499 nunc
537 2435 611 2499 illos
639 2435 742 2520 magis
771 2432 907 2520 amares)
937 2435 1027 2521 digni
1054 2437 1113 2502 illo

93 2527 196 2606 00110,
219 2527 251 2587 10
270 2527 386 2606 patruo
405 2523 628 2608 reperiantur?
651 2546 747 2607 quam
768 2545 877 2588 curam
896 2524 990 2607 mihi,
1015 2527 1112 2591 etiam
1133 2556 1160 2595 ss

58 2633 73 2680 0
94 2614 121 2676 si
144 2635 210 2676 non
234 2613 432 2696 mandasses,
454 2613 676 2679 vindicassem.
716 2612 786 2678 Nec
804 2613 918 2699 ignoro
938 2615 1114 2697 suscipien-

94 2702 149 2766 das
179 2703 315 2766 offensas
344 2703 378 2765 in
406 2703 553 2787 eligendo
582 2707 803 2786 praeceptore,
831 2703 886 2767 sed
910 2707 1039 2787 oportet
1061 2727 1114 2770 me

93 2814 159 2855 non
183 2792 278 2856 modo
303 2792 454 2874 offensas,
477 2815 588 2857 verum
612 2794 708 2856 etiarn
729 2792 906 2857 simultates
926 2814 985 2876 pro
1004 2793 1114 2859 fratris

93 2882 142 2944 tui
170 2882 245 2945 filiis
273 2885 340 2945 tam
369 2904 471 2964 aequo
500 2883 607 2946 animo
631 2881 738 2945 subire
762 2903 858 2964 quam
881 2886 1029 2965 parentes
1053 2906 1114 2968 pro

94 2970 168 3033 suis.
215 2969 304 3035 Vale.
1134 3003 1162 3043 ao

561 3049 640 3106 XIX.

354 3156 385 3205 0.
400 3157 548 3206 PLINIUS
568 3156 717 3206 CERIALI
737 3156 806 3207 SUO
827 3156 854 3207 S.

60 3266 73 3314 1
152 3246 314 3329 Hortaris,
348 3252 384 3312 ut
417 3247 594 3311 orationem
637 3247 747 3311 amicis
789 3248 936 3331 pluribus
973 3250 1114 3314 recitem.

93 3336 237 3419 Faciam,
260 3338 336 3419 quia
354 3337 506 3419 hortaris,
529 3338 675 3419 quamvis
698 3337 904 3401 vehementer
921 3338 1114 3405 addubitem.

167 3483 180 3530 1
198 3494 262 3530 eum
272 3494 324 3545 pro
339 3478 396 3530 iam
411 3479 534 3545 RFpa.
604 3482 638 3529 14
656 3475 825 3530 iocabantur
839 3478 1027 3546 RFDpra,
1042 3480 1080 3533 K.
1090 3480 1116 3546 1,

82 3547 157 3608 Otto,
178 3550 291 3614 Maeld,
311 3549 508 3618 loquebantur
528 3549 566 3603 M
575 3549 631 3616 Ve',
652 3548 737 3604 KH
754 3549 873 3618 (011101
891 3552 946 3616 17).
