2400 3862
123 202 187 269 398
557 200 584 256 G.
604 201 703 257 PLINI

122 364 189 448 det,
219 364 273 430 sed
304 365 462 450 accipiat?
493 364 556 432 Hic
585 386 749 451 praesens,
781 365 835 432 ille
868 366 991 430 mavult
1023 365 1140 431 absens

122 455 235 539 amari3
258 458 535 540 uterqueamatur,
549 455 731 540 utmavult3
750 455 1039 521 nemointaedium
1050 477 1140 540 pras·

86 558 102 608 c
121 545 237 628 sentia,
255 566 349 610 nemo
364 545 399 609 in
409 545 603 611 oblivionem
618 545 762 611 absentia
770 545 867 612 venit.
891 543 991 612 Tenet
1001 545 1140 629 quisque

120 633 242 718 locum,
269 656 365 718 quem
389 636 488 701 semel
510 635 640 716 meruit,
668 635 859 719 faciliusque
886 638 948 719 est,
975 637 1012 698 ut
1035 635 1140 700 oculis

121 723 189 788 eius
213 724 321 789 vultus
345 724 485 790 absentis
509 746 605 809 quam
628 728 666 790 ut
688 725 795 791 animo
820 725 935 791 caritas
959 723 1093 790 excidat
1118 771 1123 781 .
1158 743 1171 786 s

66 807 111 880 88
189 812 337 897 Plerique
352 814 522 899 principes,
541 836 614 880 cum
634 819 740 880 essent
754 814 873 880 civium
888 814 1025 897 domini,
1042 813 1139 879 liber-

119 905 227 968 torum
251 906 342 968 erant
365 903 462 969 servi:
484 905 600 968 horum
624 904 783 989 consiliis,
803 904 920 969 horum
942 906 1025 968 nutu
1049 924 1140 988 rege·

120 991 250 1077 bantur3
277 1015 335 1076 per
357 993 416 1059 hos
444 993 630 1078 audiebant,
658 1015 716 1078 per
737 993 798 1059 hos
824 992 1054 1078 loquebantur3
1081 1015 1140 1077 per

119 1080 179 1147 hos
202 1085 369 1167 praeturae
393 1083 489 1149 etiam
514 1087 546 1149 et
565 1083 742 1173 sacerdotia
764 1086 797 1147 et
815 1084 1016 1166 consulatus,
1037 1083 1138 1148 immo

83 1187 99 1237 2
119 1170 159 1236 ab
182 1172 233 1237 his
256 1171 455 1256 petebantur.
501 1171 550 1238 Tu
576 1172 702 1238 libertis
728 1173 794 1238 tuis
823 1194 983 1238 summum
1007 1171 1139 1255 quidem
1158 1191 1182 1232 ro

118 1259 287 1344 honorem,
319 1262 375 1327 sed
397 1265 563 1346 tamquam
590 1261 714 1328 libertis
737 1262 836 1327 habes
860 1261 1049 1347 abundeque
1074 1262 1139 1327 suf·

119 1351 213 1417 ficere
236 1351 286 1417 his
310 1351 425 1436 credis,
453 1352 482 1417 si
503 1352 598 1435 probi
622 1356 654 1418 st
676 1352 763 1438 frugi
789 1351 1019 1417 existimentur.
1068 1349 1138 1417 Scis

119 1440 204 1505 enim
232 1441 441 1525 praecipuum
469 1463 538 1507 esse
565 1441 719 1508 indicium
748 1463 816 1507 non
845 1441 955 1527 magni
982 1440 1139 1525 principis

83 1545 253 1616 smagnos
276 1530 418 1596 libertos.
465 1533 514 1597 Ao
536 1532 676 1616 primum
699 1531 860 1596 neminem
887 1531 922 1595 in
949 1551 1009 1595 usu
1039 1530 1138 1597 habes

117 1619 181 1685 nisi
204 1623 260 1684 aut
282 1619 343 1684 tibi
365 1625 422 1685 aut
444 1621 529 1704 patri
556 1624 613 1687 tuo
641 1625 697 1686 aut
725 1621 848 1704 optimo
877 1620 993 1704 cuique
1020 1621 1139 1703 princi·
1157 1639 1182 1681 rs

118 1731 197 1792 pum
221 1709 373 1774 dilectum
397 1713 654 1795 spectatumqu03
681 1709 795 1775 deinde
822 1710 882 1776 hos
906 1709 994 1794 ipsos
1019 1709 1138 1775 cotidie

118 1799 164 1863 ita
186 1798 318 1882 formas,
342 1802 379 1864 ut
402 1821 435 1864 se
458 1821 525 1865 non
547 1804 604 1864 tua
626 1799 770 1882 fortuna,
793 1800 848 1864 sed
872 1821 931 1864 sua
949 1799 1139 1885 metiantur;

118 1891 150 1952 et
163 1891 254 1952 tanto
270 1889 373 1974 magis
388 1888 477 1974 digni
488 1892 576 1973 sunt,
596 1888 713 1973 quibus
723 1890 828 1953 honor
838 1889 942 1955 omnis
957 1893 1140 1974 praestetur

81 1994 98 2042 4
117 2000 136 2043 a
153 1977 261 2062 nobis,
286 1979 445 2063 quianon
464 1982 513 2044 est
530 2000 668 2045 necesse.
709 1978 847 2043 Iustisne
866 1979 905 2043 de
924 1979 1029 2044 causis
1048 2000 1138 2044 sena·

116 2071 170 2133 tus
186 2070 392 2154 populusque
405 2068 570 2135 Romanus
588 2068 705 2152 optimi
722 2068 784 2133 tibi
800 2089 981 2154 cognomen
1000 2068 1139 2134 adiecit?
1157 2087 1182 2128 so

117 2156 269 2223 Paratum
287 2158 320 2223 id
340 2159 469 2242 quidem
489 2163 521 2224 et
539 2157 573 2223 in
591 2158 696 2223 medio
711 2158 864 2242 positum,
882 2180 1003 2224 novum
1019 2161 1137 2223 tamen.

117 2245 206 2313 Scias
230 2249 391 2312 neminem
419 2252 492 2314 ante
520 2249 688 2331 meruisse,
716 2248 802 2332 quod
825 2269 892 2312 non
919 2251 987 2312 erat
1011 2249 1139 2334 excogi-

82 2351 97 2400 5
116 2337 263 2421 tandum,
287 2337 314 2402 si
339 2338 410 2420 quis
434 2338 611 2403 meruisset.
657 2336 710 2402 An
734 2337 834 2403 satius
853 2337 917 2402 fuit
934 2337 1062 2403 felicem
1081 2359 1139 2403 vo-

117 2426 212 2492 care?
231 2427 318 2510 quod
331 2448 397 2491 non
411 2427 568 2509 moribus,
582 2428 637 2492 sed
651 2427 800 2493 fortunae
814 2427 924 2492 datum
939 2429 995 2491 est.
1029 2424 1139 2493 Satius

116 2515 295 2689 tutti
316 2516 369 2669 “d
389 2515 1140 2690 {dimitiis}limupliiliu‘illidiil
1158 2535 1182 2576 '⁶

906 2653 914 2688 2

82 2710 97 2758 6
117 2695 233 2779 optimi
246 2716 371 2760 nomen.
413 2693 486 2760 Hoc
499 2695 560 2759 tibi
578 2699 644 2759 tam
659 2695 828 2779 proprium
843 2717 939 2779 quam
954 2698 1139 2780 paternum3

116 2806 176 2850 nso
190 2784 301 2870 'magis
321 2783 471 2849 distincte
490 2785 683 2868 definitaque
704 2785 865 2871 designat,
888 2784 944 2868 qui
963 2784 1138 2850 Traianum

117 2896 213 2958 quam
230 2875 286 2958 qui
300 2873 460 2959 optimum
475 2875 631 2958 appellat,
650 2878 687 2940 ut
702 2875 780 2940 olim
795 2874 980 2960 frugalitate
995 2873 1139 2958 Pisones,

117 2965 275 3049 sapientia
304 2963 418 3047 Laelii,
449 2963 568 3048 pietate
598 2964 721 3029 Metelli
751 2965 1026 3046 monstrabantur3
1057 2986 1139 3047 quae
1158 2985 1184 3026 eo

117 3054 214 3120 simul
237 3054 346 3119 omnia
368 3075 433 3118 uno
457 3054 520 3120 isto
543 3055 675 3118 nomine
699 3053 912 3119 continentur.
945 3052 1015 3119 Nec
1037 3052 1140 3122 videri

188 3181 203 3230 2
219 3178 330 3230 amatm
343 3175 490 3243 delitesce,
504 3177 615 3242 Baehr„
630 3177 738 3243 Maeli,
754 3176 865 3230 ametur
878 3177 951 3246 calu.
1025 3179 1041 3228 8
1059 3175 1139 3230 venit

116 3259 141 3315 s,
157 3247 194 3304 K.
205 3249 249 3312 H,
267 3249 380 3315 Basa„
400 3248 507 3314 Maeli,
525 3248 621 3302 veniat
639 3249 723 3318 culp„
742 3248 779 3302 K.
791 3249 815 3301 Ι.
890 3251 905 3300 9
925 3249 954 3301 et
969 3253 1032 3315 post
1050 3246 1137 3302 immo

115 3320 180 3375 add.
195 3319 272 3374 codd.
288 3326 395 3386 praeta
409 3320 445 3386 A,
460 3320 519 3375 edd.
531 3326 642 3389 praeta
657 3319 755 3374 Maeli.
830 3323 863 3372 16
881 3319 1035 3386 statimque
1049 3319 1138 3385 codd,

115 3391 163 3458 K„
182 3390 419 3460 aestimatumque
436 3391 554 3458 Grata„
575 3392 664 3460 Lipa,
683 3391 898 3459 spectatumque
915 3390 1006 3458 Gaea,
1025 3391 1138 3457 Baete,

99 3463 214 3531 Maeli,
232 3461 448 3536 probatumque
466 3464 572 3519 Bursa.
589 3464 687 3518 -hos
706 3462 783 3532 ipsos
803 3461 907 3516 cotidie
926 3461 1028 3515 deinde
1048 3461 1137 3528 codd,

85 3531 140 3601 K,
160 3535 289 3607 cotidie·
309 3538 371 3610 bos,
378 3538 436 3612 ips.
452 3537 479 3595 d.
496 3537 612 3607 Boclu„
629 3534 938 3601 d.h.·1.e.Buuuu.,†
958 3533 1023 3588 odd.
1039 3533 1135 3586 Maeli.

71 3605 115 3654 18
132 3609 209 3662 sunt
227 3612 266 3680 A,
289 3630 345 3672 om.
361 3616 442 3690 vulp.

530 3788 652 3816 Α
