2400 3862
95 202 136 263 14
528 196 556 251 O.
575 196 674 250 PLlNI

92 361 259 444 finiuntur,
282 381 435 446 magnum
459 381 499 424 ex
521 360 592 444 ipsa
610 361 800 426 necessitate
820 361 976 427 solacium
995 365 1058 445 est3
1082 362 1115 426 in

93 450 132 512 iis
161 471 250 529 vero,
283 470 365 533 quos
393 449 548 514 accersita
575 471 662 514 mors
690 450 809 530 aufert,
841 450 896 515 hio
925 451 1114 517 insanabilis

58 553 73 601 3
95 539 188 602 dolor
211 541 273 621 est,
297 538 384 622 quod
407 538 581 603 creduntur
604 539 748 622 potuisse
772 540 827 603 diu
850 540 965 605 vivere.
1009 538 1115 605 (lorel-

93 628 173 691 lium
202 627 328 711 quidem
360 649 485 692 summa
512 628 610 708 ratio,
643 649 725 712 quae
753 629 952 713 sapientibus
975 651 1036 714 pro
1060 651 1114 694 ne·

94 718 242 782 cessitate
269 719 331 798 est,
359 717 399 780 ad
426 717 489 781 hoc
518 717 689 781 consilium
718 717 888 803 compulit,
918 737 1143 802 quemquami

93 807 248 889 plurimas
272 805 400 870 vivendi
423 826 535 870 causas
558 806 743 889 habentem,
771 807 928 891 optimam
952 807 1115 873 conscien-

92 896 185 976 tiam,
216 896 373 978 optimam
395 894 530 978 famam,
560 895 732 960 maximam
755 897 995 979 anctoritatem,
1025 918 1115 981 prae·

92 989 180 1048 terea
210 957 326 1066 liliam,
357 1005 504 1064 uxorem,
531 988 696 1068 nepotem,
727 1007 853 1050 sorores
885 986 1034 1070 interque
1064 989 1116 1050 tot

56 1074 231 1159 4pignora
262 1095 355 1138 veros
387 1074 515 1138 amicos.
567 1071 630 1138 Sed
662 1078 730 1138 tam
757 1075 871 1160 longa,
903 1078 970 1140 tam
1002 1074 1116 1159 iniqua

92 1163 276 1227 valetudine
299 1163 554 1246 conflictabatur,
583 1167 620 1227 ut
641 1162 722 1228 haec
744 1167 835 1228 tanta
857 1165 962 1248 pretia
984 1163 1116 1229 vivendi
1132 1183 1157 1223 ro

93 1252 206 1318 mortis
238 1251 417 1317 rationibus
453 1253 665 1317 vincerentur.
712 1252 821 1317 Tertio
859 1257 891 1317 et
927 1253 1115 1318 tricensimo

93 1363 187 1423 anno,
209 1345 247 1406 ut
269 1342 377 1426 ipsum
400 1341 578 1423 audiebam,
601 1342 719 1426 pedum
740 1342 850 1406 dolore
868 1346 1036 1426 correptus
1056 1348 1115 1409 est.

93 1429 220 1495 Patrius
253 1431 308 1496 hic
339 1431 403 1513 illi3
434 1453 510 1495 nam
543 1432 733 1514 plerumque
765 1430 871 1496 morbi
899 1453 1028 1516 quoque
1056 1454 1117 1515 per

57 1534 72 1580 o
93 1520 309 1584 successiones
338 1521 493 1603 quasdam
520 1523 557 1583 ut
584 1519 648 1583 alia
670 1520 850 1586 traduntur.
896 1520 993 1586 Hunc
1016 1520 1116 1585 absti-

92 1609 214 1691 nentia,
242 1609 424 1692 sanctitate,
452 1608 558 1692 quoad
580 1608 692 1672 viridis
715 1613 817 1692 aetas,
843 1609 923 1675 vicit
947 1615 980 1675 et
1001 1609 1158 1696 fregit31a

91 1699 266 1762 novissime
289 1719 363 1762 cum
387 1703 550 1763 senectute
573 1697 848 1782 ingravescentem
870 1698 994 1764 viribus
1014 1700 1116 1765 animi

93 1787 286 1868 sustinebat,
313 1807 386 1850 cum
415 1787 544 1870 quidem
572 1787 769 1851 incredibilis
793 1788 954 1852 cruciatus
978 1791 1010 1852 et
1033 1788 1116 1854 indi·

57 1890 72 1937 6
92 1876 247 1961 gnissima
269 1879 431 1940 tormenta
453 1879 625 1959 pateretur.
662 1874 731 1941 Iam
755 1878 840 1941 enim
864 1878 957 1942 dolor
974 1899 1042 1942 non
1060 1899 1116 1960 pe·

92 1966 186 2029 dibus
210 1965 287 2029 solis
311 1968 348 2029 ut
370 1965 460 2048 prius
485 1965 654 2050 insidebat,
677 1966 732 2029 sed
756 1966 864 2030 omnia
882 1966 1025 2031 membra
1042 1988 1115 2050 per·

92 2055 277 2139 vagabatur.
310 2053 395 2118 Veni
414 2054 455 2118 ad
474 2076 547 2118 eum
566 2052 747 2119 Domitiani
765 2055 966 2139 temporibus
985 2057 1021 2120 in
1039 2056 1114 2120 sub·
1132 2075 1158 2115 ro

57 2158 71 2204 7
91 2143 214 2208 urbano
234 2145 400 2208 iacentem.
434 2142 525 2207 Servi
544 2143 724 2208 ecubiculo
739 2148 951 2209 recesserunt:
973 2144 1116 2210 habebat

91 2234 154 2297 hoc
190 2234 303 2313 moris,
340 2233 489 2317 quotiens
521 2232 672 2296 intrasset
703 2232 830 2297 fidelior
861 2234 998 2317 amicus,
1034 2234 1116 2318 quin

92 2323 187 2386 etiam
229 2344 311 2386 uxor
357 2343 553 2406 quamquam
598 2321 703 2386 omnis
749 2322 864 2386 secreti
904 2323 1115 2407 capacissima

56 2424 72 2471 8
91 2410 338 2496 digrediebatnr.
390 2409 596 2476 Circumtulit
627 2412 738 2475 oculos
762 2414 795 2475 et
814 2411 900 2475 ‘cur’
920 2413 1026 2496 inquit
1045 2412 1115 2478 ‘me

91 2505 185 2584 putas
209 2500 269 2564 hos
293 2503 401 2565 tantos
425 2500 552 2565 dolores
571 2500 714 2564 tamdiu
733 2500 912 2565 sustinere?
935 2504 971 2566 ut
989 2501 1158 2568 sciliceta

90 2591 145 2653 isti
168 2589 287 2654 latroni
310 2590 362 2653 vel
380 2611 445 2653 uno
470 2589 520 2654 die
544 2589 723 2673 supersim!
745 2588 895 2655 Dedisses
914 2591 991 2654 huic
1004 2591 1114 2655 animo

91 2701 150 2762 par
173 2701 299 2762 corpus,
322 2678 459 2763 fecisset,
484 2679 570 2761 quod
594 2680 736 2764 optabat.
773 2678 889 2743 Adfuit
907 2685 1015 2744 tamen
1034 2679 1113 2744 deus

91 2772 182 2850 voto,
206 2768 295 2832 cuius
319 2768 374 2831 ille
398 2789 530 2850 compos
553 2769 677 2832 utiam
701 2790 831 2833 securus
854 2768 998 2852 liberque
1017 2769 1114 2833 mori-

91 2862 182 2921 turus
210 2857 313 2921 multa
340 2857 396 2920 illa
419 2858 517 2940 vitae,
546 2858 601 2921 sed
624 2858 751 2922 minora
773 2858 950 2922 retinacula
973 2858 1113 2942 abrupit.

57 2958 71 3005 9
91 2945 273 3011 Increverat
295 2947 461 3030 valetudo,
484 2968 581 3030 qnam
605 2946 820 3030 temperantia
842 2947 991 3032 mitigare
1010 2950 1113 3029 temp·
1132 2964 1158 3003 ³⁰

92 3036 186 3118 tavit3
214 3041 470 3118 perseverantem
494 3037 676 3100 constantia
699 3036 792 3120 fugit.
838 3034 907 3101 Iam
931 3036 998 3099 dies
1022 3036 1113 3116 alter,

92 3127 220 3205 tertius,
253 3129 400 3207 quartus:
433 3125 615 3189 abstinebat
643 3126 724 3189 cibo.
769 3123 860 3189 Misit
887 3125 927 3189 ad
955 3147 1007 3189 me
1030 3146 1113 3189 uxor

92 3216 159 3278 eius
187 3214 340 3298 Hispulla
370 3235 572 3279 communem
603 3215 742 3278 amicum
767 3212 799 3280 G.
825 3213 1007 3278 Geminium
1039 3235 1113 3278 cum

165 3378 180 3425 6
195 3372 333 3439 optimam
348 3371 549 3425 conscientiam
564 3387 614 3425 cm.
630 3373 669 3425 Μ
677 3371 738 3437 Va,
757 3370 895 3439 optimam
909 3371 1014 3424 famam
1024 3388 1074 3425 om.
1081 3388 1111 3439 p.

92 3450 123 3497 21
149 3443 274 3497 habebat
292 3444 345 3496 hoc
364 3444 392 3497 R
403 3445 440 3497 M
449 3443 480 3508 V,
503 3444 551 3509 K,
570 3443 597 3496 h.
617 3442 692 3495 enim
711 3443 738 3495 h.
757 3442 788 3496 F
799 3456 884 3511 prs,
909 3443 1016 3509 Gutum,
1043 3442 1112 3508 Otto,

65 3516 236 3639 ZZZ&
252 3515 287 3580 efi
304 3514 383 3581 infru
397 3515 435 3568 ud
448 3515 505 3568 ΙΙΙ
516 3518 541 3582 5,
556 3518 581 3568 4.
642 3519 675 3566 22
690 3514 759 3582 quin
773 3530 823 3568 om.
840 3515 877 3567 M
886 3514 916 3568 V.
973 3518 1005 3567 31
1026 3513 1116 3624 fregit⁴
