2400 3862
42 243 44 255 .
100 186 165 253 302
420 179 451 241 ,0.
465 179 565 235 PLINI
582 180 630 236 ET
648 179 802 235 TEAIANI

100 343 306 431 Asclepiades
343 343 551 432 magistratus
588 343 744 410 indicavit
779 345 977 429 appellatum
1014 367 1069 410 me
1104 367 1125 410 a

100 433 233 501 Claudio
256 434 429 520 Eumolpo.
476 431 558 500 Cum
582 431 776 500 Cocceianus
799 432 888 499 Dion
909 434 945 500 in
966 434 1045 500 bule
1069 433 1125 500 ad·

100 525 221 611 signari
244 524 368 591 civitati
391 545 487 609 opus,
511 524 601 590 cuius
625 545 735 590 curam
759 527 881 610 egerat,
908 524 1021 608 vellet,
1049 528 1141 589 tum,

99 613 280 699 Eumolpus
304 613 461 679 adsistens
484 612 597 679 Flavio
621 613 789 698 Archippo
818 613 900 678 dixit
928 613 1123 699 exigendam

99 726 167 769 esse
190 726 210 768 a
232 702 338 769 Dione
360 703 518 768 rationem
541 702 662 788 operis,
684 708 759 768 ante
782 725 879 787 quam
902 703 949 768 rei
971 702 1155 788 publicaes

64 811 79 859 2
99 792 291 877 traderetur,
320 791 407 877 quod
431 793 525 857 aliter
547 792 688 877 fecisset,
716 812 754 857 ac
777 792 946 858 debuisset.
992 791 1124 858 Adiecit

100 883 197 949 etiam
227 903 296 948 esse
325 883 360 948 in
390 880 503 947 eodem
531 881 672 967 positam
701 887 791 947 tuam
821 885 961 947 statuam
991 884 1025 947 et
1052 903 1122 948 cor·

99 994 179 1058 pora
202 972 415 1058 sepultorum,
437 970 547 1036 uxoris
570 969 686 1036 Dionis
710 975 743 1037 et
765 971 838 1056 filii,
868 971 1121 1057 postulavitque,

64 1080 80 1129 c
99 1065 137 1127 ut
159 1082 385 1148 cognoscerem
404 1081 464 1146 pro
483 1059 647 1126 tribunali.
693 1059 786 1138 Quod
805 1083 879 1127 cum
898 1082 959 1147 ego
978 1083 1029 1126 me
1047 1083 1123 1147 pro-

99 1151 186 1218 tinus
205 1151 366 1218 facturum
386 1150 625 1235 dilaturumque
643 1150 876 1235 profectionem
895 1150 1060 1235 dixissem,
1085 1155 1123 1216 ut
1142 1173 1167 1214 rc

99 1241 280 1328 longiorem
303 1240 388 1305 diem
411 1240 451 1304 ad
474 1239 696 1306 instruendam
719 1261 847 1306 causam
871 1239 993 1324 darem,
1019 1243 1123 1326 utque

64 1349 81 1398 4
99 1332 134 1396 in
148 1333 212 1396 alia
230 1331 361 1397 civitate
375 1342 616 1415 cognoscerem,
638 1330 741 1414 petiit.
781 1329 853 1416 Ego
868 1352 920 1396 me
934 1330 1121 1395 auditurum

98 1419 238 1488 Nicaeae
267 1419 427 1505 respondi.
472 1416 539 1484 Ubi
573 1441 647 1485 cum
678 1418 893 1486 consedissem
923 1421 1121 1506 cogniturus,

99 1510 184 1577 idem
207 1510 388 1594 Eumolpus
412 1513 577 1593 tamquam
605 1509 711 1573 adhuc
732 1531 847 1594 parum
875 1509 1051 1575 instructus
1076 1510 1122 1574 di-

99 1600 253 1665 lationem
289 1602 399 1683 petere
436 1598 556 1683 coepit,
593 1602 705 1663 contra
738 1598 838 1682 Dion,
875 1604 912 1664 ut
949 1598 1121 1684 audiretur,
1141 1621 1165 1662 rs

65 1689 236 1774 cexigere.
281 1687 377 1753 Dicta
400 1691 474 1753 sunt
501 1688 664 1772 utrimque
687 1689 803 1772 multa,
833 1689 930 1753 etiam
954 1689 992 1753 de
1016 1710 1121 1754 causa.

99 1779 172 1864 Ego
193 1800 266 1843 cum
290 1778 427 1843 dandam
450 1777 638 1842 dilationem
662 1781 693 1842 et
715 1783 743 1842 te
761 1779 993 1843 considendum
1013 1778 1122 1843 existi·

99 1890 219 1933 marem
255 1868 289 1932 in
319 1889 354 1932 re
386 1866 426 1932 ad
458 1867 641 1952 exemplum
672 1867 857 1951 pertinenti,
895 1867 962 1932 dixi
992 1867 1123 1952 utrique

100 1957 197 2043 parti,
220 1961 258 2022 ut
280 1956 538 2042 postulationum
561 1978 690 2020 suarum
709 1957 838 2021 libellos
858 1957 977 2022 darent.
1024 1957 1121 2023 Vole-

99 2047 175 2112 bam
209 2047 294 2112 enim
326 2051 359 2111 te
392 2048 537 2129 ipsorum
570 2045 775 2130 potissimum
809 2045 915 2112 verbis
955 2069 1004 2130 ea,
1039 2069 1122 2131 quae
1140 2069 1167 2110 sc

65 2154 81 2204 c
101 2140 191 2202 erant
210 2137 390 2221 proposita,
413 2156 614 2220 cognoscere.
660 2134 705 2200 Et
723 2134 810 2200 Dion
829 2136 957 2221 quidem
978 2159 1011 2201 se
1031 2137 1121 2201 datu·

100 2250 173 2292 rum
183 2227 277 2311 dixit,
292 2230 324 2291 at
333 2225 513 2309 Eumolpus
524 2225 690 2307 respondit
700 2226 943 2310 complexurum
953 2247 987 2290 se
999 2225 1122 2310 libell0,

101 2339 182 2402 quae
205 2315 424 2401 reipublicae
451 2317 588 2399 peteret,
617 2318 772 2400 ceterum,
803 2315 889 2400 quod
913 2315 953 2379 ad
976 2316 1121 2399 sepultos

101 2406 288 2490 pertineret,
316 2426 383 2469 non
410 2407 628 2469 accusatorem
656 2426 703 2489 se,
731 2405 787 2469 sed
815 2404 1006 2469 advocatum
1029 2403 1122 2469 Elari

100 2494 273 2580 Archippi,
304 2495 395 2559 cuius
426 2493 575 2558 mandata
605 2494 798 2579 pertulisset.
844 2493 1038 2579 Archippus,
1069 2495 1122 2559 cui
1140 2516 1166 2558 rs

101 2585 281 2670 Eumolpus
306 2584 389 2649 sicut
411 2581 565 2647 Prusiade
589 2583 779 2669 adsistebat,
807 2583 889 2647 dixit
916 2606 949 2648 se
971 2584 1121 2650 libellum

102 2675 260 2739 daturum.
305 2671 351 2737 At
369 2694 428 2737 nec
445 2671 625 2757 Eumolpus
644 2695 704 2739 nec
722 2672 907 2758 Archippus
927 2695 1121 2757 quamquam

100 2763 249 2849 plurimis
283 2761 393 2827 diebus
429 2762 588 2847 expectati
622 2763 727 2829 adhuc
757 2763 838 2828 mihi
870 2762 998 2828 libellos
1029 2762 1122 2829 dede·

181 2963 199 3011 4
222 2957 362 3010 adsistens
386 2957 455 3022 Oct,
481 2957 518 3010 K
529 2958 558 3024 1,
582 2957 683 3024 Hard,
707 2957 742 3024 cf.
761 2956 840 3023 iufra
858 2973 882 3011 v.
897 2959 942 3023 26,
966 2957 1121 3014 adsistente

102 3048 128 3095 a,
147 3029 288 3095 Beroald,
311 3029 349 3083 K.
360 3030 403 3096 H,
422 3029 530 3094 Muetl,
554 3027 709 3082 absistente
728 3030 765 3082 A.
868 3033 883 3082 ‘1
908 3028 1006 3082 eodem
1030 3030 1122 3096 KH,

102 3102 204 3167 Hard,
227 3100 326 3154 aedem
345 3101 381 3167 A,
405 3099 475 3154 aede
494 3101 633 3167 Beroald,
657 3101 732 3167 KI,
755 3099 852 3153 eodem
873 3115 957 3168 opere
976 3119 1003 3168 a,
1022 3102 1121 3156 Musti.

103 3178 137 3226 14
157 3172 204 3243 [si]
225 3171 318 3225 adhuc
337 3172 384 3238 K,
403 3171 428 3225 si
446 3188 496 3226 om.
512 3190 538 3239 a,
557 3172 659 3239 Hard,
679 3172 787 3237 Muell,
806 3170 915 3225 scilicet
934 3171 999 3226 adh.
1014 3173 1122 3244 Stangl.

104 3250 136 3297 17
160 3246 189 3298 et
210 3244 282 3316 (te)
305 3261 378 3298 cons.
400 3244 547 3310 Schuefer,
568 3244 641 3310 KI,
665 3243 768 3310 Hard,
788 3243 817 3296 et
838 3259 912 3297 cons.
929 3245 958 3298 ts
977 3245 1015 3298 K
1026 3246 1069 3312 11,
1092 3250 1122 3300 te

104 3332 178 3370 cons.
193 3315 300 3386 Stangl,
315 3315 352 3369 ad
366 3318 395 3369 te
410 3332 484 3370 cons.
501 3316 598 3370 Muell.
671 3319 705 3368 22
725 3316 755 3368 at
769 3314 875 3384 Stangl,
890 3318 919 3369 et
932 3317 1015 3385 culp,
1030 3316 1122 3385 KH,

103 3404 153 3442 om.
174 3387 243 3454 Oct,
265 3389 339 3455 KI,
360 3388 451 3443 Hard.
539 3392 573 3441 ‘25
592 3387 638 3440 cui
659 3385 813 3454 Eumolpus
834 3387 900 3452 Ba,
922 3387 959 3441 K.
972 3388 998 3454 1,
1020 3387 1122 3456 Hard,

104 3459 153 3527 qui
167 3458 321 3527 Eumolpus
335 3461 372 3527 A,
391 3460 440 3528 qui
454 3458 591 3527 Eumolpo
606 3459 746 3523 Beroald„
765 3459 856 3526 KH,
876 3458 973 3514 Musti.
1044 3465 1076 3512 27
1092 3461 1123 3514 at

90 3531 241 3597 Massam,
256 3532 359 3601 Hard,
379 3531 424 3586 ita
437 3532 506 3600 Aa,
526 3531 634 3598 Muell,
651 3528 787 3584 interim?
807 3530 889 3584 K-
904 3529 1122 3604 quam<quem>

75 3600 178 3669 ΚΠ,
194 3604 309 3676 Muelt,
332 3622 423 3684 quam
442 3607 518 3686 culp.
620 3608 656 3665 28
677 3602 823 3680 expectati
840 3619 870 3668 c,
886 3600 1042 3667 expectatis
1055 3604 1131 3669 nutu.
