2400 3862
525 206 553 260 0.
573 205 672 260 ΡΙιΙΝΙ

580 376 615 433 V.

295 484 326 533 O.
343 484 489 534 PLINIUS
505 484 738 535 OALPURNIAE
759 484 852 534 SUAE
874 484 901 534 S.

53 616 66 664 1
154 585 345 650 Incredibile
378 590 439 668 est,
478 589 600 669 quanto
634 584 791 650 desiderio
827 585 877 649 tui
907 588 1027 650 tenear.
1074 583 1114 650 In

88 697 184 740 causa
216 696 306 738 amor
339 676 495 759 primum,
519 675 633 740 deinde
666 673 753 759 quod
785 694 852 738 non
885 674 1113 741 consuevimus

87 765 205 828 abesse.
252 761 330 827 Inde
359 769 421 847 est,
451 763 538 847 quod
566 785 717 849 magnam
747 763 892 828 noctium
922 766 1049 848 parbem
1079 765 1143 829 ins

88 854 227 937 imagine
251 855 308 917 tua
336 854 417 939 vigil
439 854 548 938 exige,
577 852 665 936 Inde,
694 852 780 935 quod
808 852 964 936 interdiu,
993 854 1114 937 quibus

86 942 175 1005 horis
200 945 231 1005 te
259 943 362 1006 visere
386 943 541 1025 solebam,
566 942 605 1006 ad
629 942 768 1007 diaetam
792 945 882 1006 tuam
904 940 970 1026 ipsi
992 964 1053 1027 me,
1077 947 1115 1008 ut

87 1032 251 1095 verissime
283 1032 414 1114 dicitur,
446 1031 542 1115 pedes
571 1031 707 1113 ducunt,
736 1030 823 1113 quod
851 1031 990 1114 denique
1018 1054 1115 1119 aeger

87 1125 119 1184 et
143 1125 284 1186 maestus
313 1143 350 1186 ac
379 1121 492 1185 similis
521 1122 651 1186 excluso
680 1140 823 1185 avecuo
852 1120 965 1185 limine
987 1122 1114 1187 recedo.

87 1209 196 1275 Unum
220 1215 349 1294 tempus
377 1211 429 1275 his
456 1211 626 1275 tormentis
650 1214 750 1292 caret,
779 1230 843 1293 quo
872 1209 906 1273 in
933 1209 1006 1274 foro
1036 1212 1114 1276 ami·
1132 1233 1156 1272 re

51 1310 200 1364 2corum
229 1301 341 1364 litibus
369 1303 525 1364 conteror.
573 1299 719 1364 Aestima
751 1302 801 1381 tu,
834 1320 917 1383 quae
944 1300 1013 1364 vita
1041 1322 1114 1365 mea

89 1391 144 1472 sit,
163 1390 215 1454 cui
234 1391 360 1473 requies
380 1389 556 1471 inlabere,
575 1390 608 1452 in
628 1389 757 1452 miseria
775 1389 924 1469 curisque
944 1390 1113 1455 solacium.

87 1479 175 1542 Vale.

570 1573 621 1630 VI.

341 1680 717 1731 (1.1)111111118Μ10111Νο
738 1680 806 1730 SUO
827 1680 854 1730 S.
1133 1694 1157 1736 lt

52 1797 65 1845 1
154 1780 239 1844 Rara
262 1786 295 1845 et
317 1782 470 1845 notabilis
494 1804 543 1845 res
563 1781 691 1846 Vareno
716 1782 868 1866 contigIt,
892 1781 935 1845 sit
957 1781 1035 1846 licet
1058 1783 1139 1846 ad·'

86 1870 150 1934 huc
179 1870 283 1935 dubia.
330 1870 464 1953 Bithyni
493 1871 730 1935 accusationem
759 1872 827 1935 eius
855 1874 892 1934 ut
914 1873 1034 1935 temere
1062 1871 1114 1936 in-

87 1959 236 2024 choatam
269 1960 415 2023 omisisse
451 1962 631 2024 narrantur.
676 1959 858 2024 Narrantur
894 1959 979 2024 dico:
1021 1960 1114 2025 adest

87 2050 271 2132 provinciae
302 2051 440 2134 legatus,
471 2049 582 2113 attulit
612 2049 776 2113 decretum
807 2049 936 2113 concilii
965 2049 1006 2113 ad
1036 2047 1113 2114 an

88 2161 205 2221 sarem,
229 2140 339 2203 attulit
362 2137 402 2203 ad
425 2139 545 2202 multos
569 2138 730 2221 principes
754 2138 855 2221 viros,
879 2137 989 2203 attulit
1012 2139 1111 2203 etiam
1131 2159 1156 2199 ro

52 2227 127 2290 aad
157 2250 230 2310 nos,
267 2228 387 2293 Vareni
417 2228 599 2292 advocatos.
645 2225 774 2292 Perstat
802 2231 912 2292 tamen
941 2227 1026 2291 idem
1056 2228 1113 2293 ille

87 2314 239 2400 Magnus,
269 2318 347 2399 quin
370 2317 467 2382 etiam
490 2316 680 2403 Nigrinum,
708 2318 867 2401 optimum
892 2317 1012 2400 virum,
1039 2338 1112 2400 per-

87 2404 285 2469 tinacissimc
304 2411 439 2472 exercet.
485 2405 547 2471 Per
564 2405 652 2472 hunc
671 2431 690 2472 a
708 2407 895 2472 consulibus
914 2406 1112 2490 postulabat,

51 2497 123 2557 out
152 2492 299 2558 Varenus
330 2497 480 2561 exhibere
510 2496 651 2563 rationes
680 2500 857 2583 cogeretur.
903 2495 1111 2560 Adsistebam

87 2582 216 2647 Vareno
249 2583 314 2647 iam
342 2588 468 2650 tantum
497 2591 534 2651 ut
562 2587 684 2653 amicus
712 2590 745 2651 et
767 2590 873 2651 tacere
897 2585 1109 2649 decreveram.
1129 2605 1156 2645 rs

86 2672 179 2737 Nihil
201 2672 286 2736 enim
314 2678 381 2738 tam
410 2676 620 2760 contrarium,
649 2698 746 2761 quarn
771 2675 798 2739 si
822 2674 996 2740 advocatus
1020 2697 1039 2737 a
1063 2696 1109 2740 se-

86 2766 165 2826 natu
195 2762 288 2826 datus
319 2762 520 2829 defenderem
551 2769 588 2830 ut
615 2788 719 2847 reum,
749 2764 801 2828 cui
830 2785 910 2846 opus
942 2766 1038 2845 esset,
1069 2786 1109 2827 ne

50 2865 67 2912 4
87 2873 160 2917 reus
183 2852 352 2917 videretur.
399 2850 479 2916 (lum
503 2857 612 2919 tamen
630 2855 722 2918 finita
740 2853 959 2936 postulatione
977 2851 1109 2938 Nigrini

88 2943 235 3006 consules
264 2940 304 3006 ad
332 2962 382 3005 me
419 2943 530 3006 oculos
563 2943 760 3023 retulissent,
792 2939 938 3006 ‘Scietis’
976 2943 1108 3024 inquam

88 3028 252 3096 ‘constare
274 3031 367 3096 nobis
394 3030 514 3095 silentii
532 3032 636 3096 nostri
654 3032 826 3110 rationem,
850 3053 923 3095 cum
948 3052 1040 3094 veros
1065 3032 1108 3095 le·
1128 3051 1154 3090 ac

87 3122 180 3202 gatos
216 3120 401 3204 provinciae
436 3120 601 3185 audieritis
610 3120 626 3183 ⁹.
680 3119 799 3184 Contra
832 3119 1006 3206 Nigrinus:
1044 3119 1108 3184 ‘Ad

87 3230 183 3291 quem
212 3210 303 3274 missi
331 3207 442 3274 sunt?'
478 3209 564 3294 Ego:
593 3208 654 3273 ‘Ad
684 3232 734 3273 me
758 3231 899 3292 quoqne;
929 3209 1031 3273 habeo
1057 3209 1108 3273 de-

159 3391 174 3439 6
190 3378 304 3455 tigilem
318 3387 348 3440 D
352 3402 403 3455 pr.
462 3390 495 3438 10
510 3385 613 3454 etpost
626 3384 686 3438 foro
701 3385 765 3438 add.
780 3385 810 3438 D
815 3401 897 3453 pra,
915 3385 984 3450 otto,
999 3383 1107 3449 Maeli,

86 3472 136 3511 om.
157 3459 200 3524 M,
220 3458 266 3523 K,
287 3459 374 3512 Merr.
484 3461 518 3510 18
537 3455 618 3510 dico?
641 3457 724 3527 vulp,
742 3455 819 3522 dico;
843 3456 942 3511 Muell.
962 3455 1009 3521 (cf.
1028 3455 1108 3521 iufra

77 3528 136 3579 IX
143 3533 187 3593 29,
201 3535 222 3582 1
235 3535 264 3584 et
275 3529 340 3583 ade.
357 3530 417 3587 crit.
432 3529 470 3585 od
485 3529 540 3586 Oia.
552 3529 610 3584 Aa.
625 3544 655 3597 p.
671 3531 733 3595 514,
747 3531 803 3595 13).
878 3532 911 3579 27
931 3528 1005 3581 essct
1019 3525 1106 3579 etiam

60 3611 100 3645 ne
117 3598 180 3664 Ba
203 3602 282 3655 esset
302 3602 400 3658 tamen
420 3618 456 3658 ne
475 3601 577 3676 Stanpt
597 3600 645 3672 (cs.
669 3601 733 3657 Tac.
754 3600 829 3655 Aac.
846 3599 929 3651 XIII
946 3600 1004 3661 17).
