2400 3862
77 197 144 265 290
417 193 446 251 c.
465 194 629 251 1111111
648 195 801 250 1111111

79 359 220 424 eiusdem
262 359 367 426 edicto
405 358 547 427 restituti
587 359 623 423 in
660 359 827 444 provincia
867 365 1103 442 remanserunt,

78 449 223 534 proxime
246 449 307 514 tibi
329 449 516 534 rescribam,
540 470 612 514 cum
636 470 747 515 causas
771 450 839 514 eius
863 450 942 517 facti
960 473 979 515 a
999 449 1102 518 Calvo

43 558 59 608 a
78 539 264 622 requisiero.
310 536 373 616 Qui
396 562 416 603 a
438 537 521 603 Iulio
541 537 641 604 Basso
665 540 700 603 in
723 544 915 624 perpetuum
936 541 1102 627 relegatus

80 633 142 713 est,
165 650 238 694 eum
261 650 319 713 per
341 628 508 697 biennium
530 627 646 714 agendi
668 629 854 697 facultatem
876 629 1039 715 habuerit,
1074 631 1103 697 si

80 718 283 784 existimabat
300 739 334 783 se
353 718 472 784 iniuria
488 718 680 804 relegatum,
698 740 801 802 neque
819 718 853 783 id
871 719 984 785 fecerit
1002 723 1132 805 atques

79 809 114 873 in
132 807 298 892 provincia
315 807 435 872 morari
454 808 678 893 perseverarit,
700 809 827 874 vinctus
846 809 932 876 mitti
951 808 991 877 ad
1010 831 1103 894 pree·

79 899 181 963 fectus
205 897 357 982 praetorii
380 897 444 962 mei
472 896 574 963 debet.
620 895 735 981 Neque
763 898 848 964 enim
877 897 998 964 sufficIt
1026 922 1102 967 eum

80 1009 201 1073 poenae
224 1008 299 1054 suae
322 986 463 1072 restitui,
488 1008 584 1070 quam
609 987 811 1055 contumacia
833 987 937 1055 elusit.

456 1134 565 1195 11111
589 1133 721 1214 [1111]

162 1258 164 1262 ’
275 1262 306 1314 O.
321 1262 469 1314 PLINIUS
488 1263 649 1317 TRAIANO
668 1263 905 1315 IMPERATORI.
1120 1277 1143 1317 1⁰

46 1381 60 1430 1
148 1362 228 1430 Cum
247 1363 379 1430 citarem
397 1363 532 1449 iudices,
556 1363 698 1448 domine,
720 1368 914 1429 conventum
932 1364 1103 1432 inchoatu-

79 1477 149 1537 rus,
181 1453 310 1519 Tlavius
338 1451 523 1538 Archippus
554 1455 753 1519 vacationem
785 1458 894 1538 petere
924 1455 1033 1539 coepit
1064 1459 1103 1523 ut

45 1561 61 1610 2
80 1544 301 1630 philosophus.
348 1541 505 1627 Fuerunt,
529 1545 585 1626 qui
604 1544 746 1609 dicerent
763 1565 830 1608 non
847 1544 944 1609 modo
962 1544 1102 1610 liberan-

81 1634 157 1699 dum
181 1655 254 1697 enm
276 1631 439 1697 iudicandi
461 1634 663 1718 necessitate,
687 1633 739 1698 sed
765 1633 896 1698 omnino
919 1634 1102 1701 tollendum

81 1724 119 1788 de
134 1723 276 1788 iudicum
294 1744 428 1787 numero
444 1722 705 1807 reddendumque
718 1744 853 1807 poenae,
873 1745 970 1806 quam
988 1724 1102 1790 fractis
1119 1742 1142 1783 1⁶

45 1813 218 1878 avinculis
251 1810 412 1876 evasisset.
459 1811 605 1877 Recitata
642 1817 690 1877 est
727 1812 885 1877 sententia
908 1813 983 1878 Veli
1006 1812 1101 1880 Pauli

80 1901 292 1988 proconsulis,
304 1922 367 1984 qua
378 1901 575 1985 probabatur
584 1900 769 1985 Archippus
782 1902 914 1968 crimine
925 1902 999 1968 falsi
1013 1903 1102 1968 dam·

80 1996 174 2060 natus
195 1992 230 2056 in
248 1991 426 2056 metallum:
445 1991 499 2056 ille
518 1991 601 2056 nihil
619 1991 810 2075 proferebat,
830 2014 895 2076 quo
913 1993 1102 2060 restitutum
1183 2065 1189 2077 ‚

80 2105 114 2149 se
133 2083 275 2166 doceret;
294 2081 463 2167 adlegabat
477 2085 586 2145 tamen
603 2102 662 2164 pro
681 2080 884 2147 restitutione
903 2087 936 2147 et
953 2083 1101 2149 libellum

81 2197 100 2238 a
115 2195 148 2239 se
163 2172 349 2240 Domitiano
366 2171 474 2236 datum
492 2175 523 2236 et
539 2170 692 2254 epistulas
704 2170 771 2235 eius
783 2171 824 2235 ad
837 2172 993 2237 honorem
1004 2193 1101 2238 suum
1119 2191 1143 2232 se

80 2265 276 2347 pertinentes
305 2266 337 2326 et
365 2262 527 2326 decretum
551 2260 766 2325 Prusensium.
812 2259 960 2327 Addebat
986 2261 1039 2328 his
1067 2266 1102 2328 et
1198 2264 1200 2274 ⁴

80 2357 153 2418 tuas
172 2351 295 2416 11111111
315 2349 450 2435 scriptas
470 2350 543 2433 sibi,
568 2350 705 2434 addebat
723 2353 754 2415 et
772 2352 873 2434 patris
892 2352 941 2416 tui
959 2351 1102 2418 edictum

82 2446 114 2507 et
132 2442 311 2525 epistulam,
331 2441 447 2524 quibus
468 2440 688 2506 confirmasset
706 2440 862 2505 beneficia
880 2440 1100 2506 aDomitiano

45 2548 63 2596 4
83 2531 164 2595 data.
187 2529 310 2614 ltaque,
329 2530 475 2613 quamvis
495 2530 597 2594 eidem
616 2532 648 2595 et
666 2531 729 2595 alia
747 2531 883 2595 crimina
903 2531 1102 2614 adplicaren·

80 2625 148 2704 tur,
165 2621 248 2685 nihil
270 2619 503 2684 decernendum
519 2620 645 2703 putavi,
664 2620 764 2685 donec
786 2624 818 2685 te
837 2621 1037 2685 consulerem
1060 2619 1101 2685 de
1119 2638 1145 2680 ss

81 2733 133 2796 eo,
170 2710 255 2794 quod
289 2710 371 2775 mihi
407 2710 637 2774 constitutione
668 2714 725 2774 tua
757 2709 891 2795 dignum
923 2708 1101 2776 videbatur.

80 2800 142 2885 Ea,
171 2822 252 2884 quae
281 2804 357 2864 sunt
384 2799 546 2883 utrimque
573 2800 719 2884 11111111,
747 2800 797 2863 his
824 2799 941 2864 litteris
969 2798 1101 2864 subieci.

140 2967 321 3018 EPISTULA
339 2967 537 3018 DOMITIANI
555 2968 604 3018 AD
625 2967 839 3018 TERENTIUM
857 2966 1045 3017 MAXIMUM.

46 3084 61 3133 5
150 3066 280 3133 Flavius
304 3066 488 3153 Archippus
512 3067 725 3152 philosophus
740 3067 925 3150 impetravit
943 3089 962 3130 a
980 3088 1046 3151 me,
1063 3071 1102 3132 ut

82 3181 195 3245 agrum
223 3158 253 3222 ei
280 3158 320 3222 ad
351 3157 375 3223 G
405 3158 490 3221 circa
520 3156 718 3241 Prusiadam,
749 3156 886 3241 patriam
910 3177 1013 3241 suam,
1036 3156 1101 3221 emi
1121 3179 1147 3220 sc

154 3312 186 3361 13
197 3325 254 3361 non
263 3309 345 3362 modo
356 3326 383 3375 a,
394 3309 500 3373 Muell,
510 3325 566 3361 non
575 3309 622 3374 K,
630 3307 722 3361 Hard.
778 3312 812 3360 24
822 3309 851 3360 et
861 3305 919 3360 alia
928 3306 1102 3385 Madvigius,

81 3390 211 3456 1111111
234 3406 273 3457 ep.
294 3394 329 3444 60
348 3393 417 3457 (68),
438 3406 467 3458 p.
486 3393 550 3456 292,
574 3393 618 3455 19,
640 3386 711 3441 talia
733 3389 805 3458 culp.
914 3392 948 3441 80
967 3387 1004 3441 ad
1023 3386 1043 3440 O
1063 3388 1101 3455 B,

80 3459 183 3527 Hard,
202 3459 253 3513 Do
271 3479 305 3528 a,·
321 3464 354 3515 ut
373 3477 472 3530 agrum
491 3460 517 3514 ei
537 3460 668 3514 adderem
687 3459 762 3513 cirea
776 3458 942 3513 Prusiadam
961 3458 1101 3527 (Prusiam

69 3533 139 3598 eas,
159 3532 331 3589 Prusiadam
352 3533 464 3605 Cellas.)
488 3532 612 3606 patriam
634 3546 716 3587 susm
737 3533 799 3586 tam
821 3531 934 3585 uberem
954 3535 987 3596 A,
1007 3530 1045 3586 K.
1056 3532 1101 3599 ΙΙ,

51 3602 159 3659 Muell.
179 3622 265 3664 eruce
283 3610 398 3666 addita·
