2386 3840
114 203 180 270 134
551 198 698 256 uranu

77 362 192 431 asum
224 369 256 430 et
285 365 355 448 ipse
385 363 419 428 in
451 363 574 428 edendo
604 362 795 446 haesitator,
825 366 861 427 tu
891 366 1000 428 tamen
1029 384 1136 428 meam

114 476 243 538 quoque
275 452 513 518 cunctationem
550 451 798 536 tarditatemque
834 452 949 516 vicisti.
994 451 1136 517 Proinde

113 547 171 608 aut
197 565 310 626 rumpe
340 543 405 607 iam
433 562 540 606 moras
569 545 625 605 aut
652 562 739 624 cave,
765 563 806 606 ne
833 541 961 607 eosdem
988 541 1069 606 istos
1098 542 1137 606 li·

113 633 231 714 bellos,
261 653 342 715 quos
372 631 433 696 tibi
462 629 722 714 hendecasyllabi
750 631 854 695 nostri
884 629 1049 695 blanditiis
1081 631 1137 695 eli-

78 737 94 786 3
114 743 184 788 cere
202 742 269 785 non
286 724 436 805 possunt,
455 720 601 786 convicio
620 722 784 785 scazontes
803 721 1024 803 extorqueant.
1061 717 1138 784 Per·
1157 748 1169 789 5

114 811 235 876 fectum
266 831 347 894 opus
380 808 628 890 absolutumque
664 812 713 874 est
748 830 808 873 nec
844 808 908 873 iam
941 808 1138 892 splendescit

114 899 207 981 lima,
235 899 290 963 sed
318 898 474 963 atteritur.
520 896 634 962 Patere
656 919 708 962 me
735 897 842 963 videre
872 898 1004 962 titulum
1032 899 1137 979 tuum,

115 991 224 1072 patere
245 988 355 1053 audire
374 986 524 1069 describi,
543 987 621 1071 legi,
643 986 751 1052 venire
769 987 936 1051 volumina
954 985 1138 1069 Tranquilli

115 1076 187 1141 mai.
232 1074 383 1161 Aequum
410 1079 460 1142 est
485 1097 545 1142 nos
572 1076 607 1140 in
634 1097 743 1140 amore
769 1079 837 1141 tam
859 1078 972 1141 mutuo
1000 1075 1137 1140 eandem

115 1165 277 1250 percipere
296 1189 336 1231 ex
357 1170 390 1231 te
408 1166 618 1249 voluptatem,
641 1186 706 1248 qua
727 1167 764 1229 tu
782 1165 954 1249 perfrueris
973 1186 1013 1228 ex
1031 1164 1136 1229 nobis.
1157 1193 1183 1232 ιο

115 1254 205 1321 Vale.

539 1365 591 1425 ur.
616 1361 709 1442 [xri]

150 1493 181 1544 C.
195 1493 343 1543 PLINIUS
363 1492 572 1543 CALPURNIO
591 1492 735 1543 FABATO
754 1491 968 1543 PROSOOERO
989 1491 1058 1542 SUO
1080 1491 1110 1542 S.

82 1625 96 1675 1
182 1607 303 1691 Recepi
330 1608 454 1673 litteras
481 1613 567 1693 tuas,
597 1631 637 1674 ex
659 1609 776 1692 quibus
799 1609 938 1694 cognovi
960 1611 992 1672 te
1015 1609 1139 1691 specio-

117 1696 276 1761 sissimam
303 1698 465 1779 porticum
493 1698 553 1762 sub
580 1701 638 1764 tuo
666 1698 789 1781 filiique
815 1698 865 1763 tui
890 1697 1022 1762 nomine
1051 1698 1139 1763 dedi·
1156 1725 1180 1766 rs

117 1805 214 1869 casse,
236 1785 382 1869 sequenti
401 1785 452 1850 die
469 1786 504 1851 in
522 1791 688 1871 portarum
707 1791 857 1853 ornatum
875 1787 1044 1871 pecuniam
1062 1810 1138 1871 pro-

117 1874 251 1958 misisse,
274 1879 311 1938 ut
333 1875 462 1940 initium
484 1898 586 1940 novae
604 1876 806 1942 liberalitatis
829 1879 913 1941 esset
936 1897 1139 1941 consumma-

81 1983 98 2032 2
117 1965 163 2029 tio
187 1964 314 2048 prioris.
360 1963 490 2029 Gaudeo
518 1965 659 2048 primum
682 1969 739 2030 tua
762 1965 880 2050 gloria,
907 1966 998 2030 cuius
1022 1965 1062 2029 ad
1086 1988 1138 2029 me

118 2075 192 2137 pars
216 2054 325 2138 aliqua
347 2075 406 2137 pro
430 2053 664 2119 necessitudine
690 2059 802 2119 nostra
824 2055 995 2136 redundat,
1023 2053 1137 2118 deinde

118 2142 205 2225 quod
229 2144 415 2208 memoriam
444 2143 546 2208 soceri
573 2144 636 2207 mei
663 2144 888 2227 pulcherrimis
917 2143 1067 2228 operibus
1091 2144 1138 2207 vi·
1156 2170 1181 2209 so

118 2231 177 2295 deo
210 2232 360 2315 proferri,
397 2235 561 2314 postremo
592 2233 679 2316 quod
715 2233 820 2316 patria
844 2237 955 2297 nostra
986 2233 1139 2315 florescit,

119 2340 216 2403 quam
240 2322 319 2384 mihi
347 2344 366 2385 a
389 2341 592 2405 quocumque
619 2322 723 2386 excoli
746 2321 936 2404 iucundum,
963 2344 982 2385 a
1003 2325 1036 2385 te
1061 2343 1137 2386 vero

83 2409 329 2475 electissimum
352 2414 408 2474 est.
455 2409 548 2486 Quod
576 2415 734 2494 superest,
757 2411 833 2475 deos
856 2432 983 2494 precor,
1011 2414 1048 2475 ut
1070 2411 1138 2476 ani-

119 2518 207 2560 mum
232 2498 329 2561 istum
353 2499 423 2582 tibi,
446 2500 554 2563 animo
573 2501 628 2564 isti
648 2504 775 2584 tempus
795 2522 891 2583 quam
909 2500 1137 2584 longissimum

118 2585 272 2650 tribuant.
316 2585 402 2651 Nam
425 2589 528 2671 liquet
551 2587 630 2652 mihi
653 2587 799 2653 futurum
822 2592 859 2652 ut
881 2594 1025 2672 peracto,
1050 2588 1137 2672 quod
1157 2612 1182 2653 as

118 2675 264 2760 proxime
287 2677 474 2760 promisisti,
496 2677 627 2742 inchoes
651 2678 747 2743 aliud.
792 2677 906 2742 Nescit
929 2679 1015 2742 enim
1038 2678 1138 2742 semel

118 2765 252 2831 incitata
269 2765 443 2829 liberalitas
463 2770 559 2849 stare,
579 2768 669 2832 euius
688 2766 962 2851 pulchritudinem
976 2788 1052 2831 usus
1067 2767 1137 2850 ipse

118 2853 330 2920 commendat.
377 2853 464 2918 Vale.

527 3004 593 3062 xn.
619 2997 729 3083 [xm]

280 3128 311 3178 C.
325 3127 473 3178 PLINIUS
492 3129 676 3180 TERENTIO
696 3129 837 3181 SOAURO
858 3129 927 3182 SUO
947 3130 975 3181 S·
1132 3169 1134 3174 ·
1157 3149 1184 3188 30

83 3260 99 3309 1
182 3244 387 3310 Recitaturus
418 3246 664 3331 oratiunculam,
698 3270 794 3332 quam
823 3249 988 3332 publicare
1019 3248 1137 3334 cogito,

119 3333 273 3399 advocavi
287 3335 423 3420 aliquos,
445 3339 482 3399 ut
495 3358 628 3420 vererer,
651 3359 782 3421 paucos,
805 3342 841 3402 ut
859 3360 969 3402 verum
984 3337 1136 3403 audirem.

171 3512 212 3558 13
230 3506 387 3578 Commio
404 3514 483 3570 aolus
500 3513 532 3571 R
553 3513 587 3570 ia
605 3513 707 3570 iudice.
830 3519 868 3566 tt
888 3529 965 3582 spec.
979 3514 1012 3564 te
1031 3513 1142 3578 Dpra.

79 3574 121 3621 30
138 3572 281 3634 Terentio
297 3599 339 3638 aa
355 3586 393 3642 R.
473 3593 513 3644 32
531 3604 682 3646 revererer
704 3588 749 3656 M,
770 3586 809 3642 Κ.
824 3589 837 3640 1
856 3590 889 3640 ut
909 3583 1060 3647 1v12,e.
