2400 3862
99 216 164 280 190
535 211 563 266 O.
584 211 682 266 PLlNl

98 377 125 439 si
138 376 306 441 locuturus
321 398 353 439 es
373 397 446 440 cum
466 375 575 458 aliquo
596 375 773 459 quamlibet
793 375 902 459 docto,
921 397 987 440 uno
1001 379 1122 460 tamen,

98 465 204 530 minus
229 465 455 547 commoveris,
480 486 577 546 quam
601 465 725 529 sicum
749 464 859 529 multis
884 465 935 529 vel
957 465 1122 530 indoctis?

61 573 76 620 e
96 553 227 637 Nonne,
251 576 324 618 cum
344 554 448 640 surgis
468 553 508 618 ad
522 553 697 639 agendum,
720 557 799 618 tunc
817 555 955 619 maxime
975 554 1037 619 tibi
1050 555 1122 639 ipse

97 642 230 726 diffidis,
253 646 331 707 tunc
350 646 560 726 commutata,
584 664 649 708 non
668 643 739 708 dico
759 643 912 726 plurima,
936 643 991 708 sed
1010 645 1134 708 omnia

97 733 210 816 cupis?
233 731 344 815 utique
368 733 395 795 si
418 731 515 796 latior
538 753 653 797 scaena
671 735 703 796 et
722 753 841 797 corona
860 732 1019 815 diffiisior3
1043 755 1121 798 nam
1145 753 1156 794 s

45 842 77 888 10
96 822 170 885 illos
195 842 323 904 quoque
352 820 498 885 sordidos
514 822 731 904 ¹pullatosque
755 843 945 886 reveremur.
991 820 1122 906 Nonne,

97 910 124 973 si
147 910 251 993 prima
274 932 419 994 quaeque
443 910 620 994 improbari
642 914 752 994 putas,
776 911 953 975 debilitaris
983 915 1016 975 et
1045 932 1121 976 con·

96 999 198 1062 oidis?
235 996 371 1082 Opinor,
408 1000 484 1082 quia
520 1000 554 1063 in
590 1021 723 1064 numero
761 999 832 1083 ipso
870 1004 919 1065 est
956 1000 1120 1082 quoddam

97 1109 250 1172 magnum
285 1090 513 1171 conlatumque
546 1090 731 1169 consilium,
768 1088 949 1172 quibusque
982 1090 1121 1176 singulis

44 1196 76 1244 11
96 1177 206 1241 iudicii
230 1200 358 1261 parum,
381 1177 531 1242 omnibus
554 1178 737 1262 plurimum.
784 1177 898 1262 ltaque
916 1178 1119 1262 Pomponius
1139 1200 1163 1239 ro

97 1264 261 1332 Secundus
295 1266 363 1352 (hic
396 1268 534 1351 scriptor
564 1267 829 1352 tragoediarum),
865 1269 892 1331 si
926 1267 1003 1350 quid
1034 1268 1120 1332 forte

96 1356 285 1421 familiarior
308 1357 428 1420 amicus
451 1356 644 1440 tollendum,
667 1357 736 1440 ipse
759 1356 962 1421 retinendum
986 1356 1121 1422 arbitra·

95 1450 197 1528 retur,
220 1446 326 1510 dicere
352 1445 489 1510 solebat:
518 1444 580 1509 ‘Ad
604 1447 761 1530 populum
781 1445 939 1529 provoco'
958 1450 1055 1529 atque
1073 1447 1122 1512 ita

98 1557 137 1597 ex
159 1530 276 1617 populi
297 1536 347 1598 vel
371 1535 500 1599 silentio
524 1536 574 1599 vel
594 1536 730 1599 adsensu
754 1538 810 1599 aut
829 1557 919 1599 suam
944 1539 1001 1599 aut
1023 1536 1120 1601 amici

96 1623 287 1687 sententiam
326 1625 524 1705 sequebatur.
584 1623 724 1688 Tantum
761 1624 816 1688 ille
852 1626 975 1708 populo
1013 1623 1119 1690 dabat.
1139 1643 1163 1685 rs

44 1730 76 1777 12
96 1711 196 1775 Recte
215 1734 256 1774 an
275 1733 380 1794 secus,
402 1712 485 1775 nihil
504 1712 543 1777 ad
563 1734 623 1776 me.
669 1713 741 1798 Ego
766 1714 852 1777 enim
870 1733 937 1777 non
960 1715 1120 1798 populum

96 1800 266 1883 advocare,
299 1801 353 1864 sed
384 1805 488 1865 certos
519 1802 702 1883 electosque
734 1804 839 1885 soleo,
872 1823 953 1886 quos
983 1803 1120 1887 intuear,

97 1889 213 1972 quibus
243 1890 383 1972 credam,
421 1911 501 1972 quos
538 1890 675 1973 denique
707 1894 739 1954 et
773 1896 938 1974 tamquam
972 1891 1119 1977 singulos

44 1997 76 2044 13
97 1979 263 2044 observem
295 1983 327 2043 et
357 1982 522 2062 tamquam
554 2001 620 2043 non
653 1981 798 2064 singulos
832 1982 972 2046 timeam.
1023 1980 1120 2064 Nam,

97 2070 183 2150 quod
206 2069 249 2133 M.
269 2066 379 2133 cicero
407 2069 446 2132 de
469 2069 557 2148 stilo,
582 2088 642 2153 ego
670 2068 709 2133 de
737 2073 825 2133 metu
853 2070 966 2134 sentio.
1007 2068 1164 2134 Timores

97 2163 158 2240 est,
187 2159 285 2222 timor
315 2157 501 2222 emendator
530 2159 733 2240 asperrimus.
779 2157 851 2222 Hoc
881 2159 1002 2242 ipsum,
1032 2160 1120 2242 quod

97 2268 156 2310 nos
207 2248 397 2312 recitaturos
449 2246 641 2332 cogitamus,
688 2246 850 2330 emendat,
897 2247 983 2330 quod
1030 2247 1119 2312 audi·

97 2336 214 2399 torium
259 2336 472 2421 ingredimur,
513 2336 675 2418 emendat,
712 2336 799 2420 quod
836 2338 1008 2420 pallemus,
1045 2337 1120 2401 hor-

45 2442 78 2490 14
97 2425 265 2507 rescimus,
312 2425 603 2510 circumspicimus,
649 2425 805 2489 emendat.
864 2424 1003 2491 Proinde
1052 2449 1119 2491 non

96 2513 238 2596 paenitet
274 2537 325 2578 me
363 2514 604 2580 consuetudinis
642 2536 744 2597 meae,
782 2537 877 2598 quam
910 2515 1117 2580 utilissimam
1137 2537 1163 2577 as

97 2602 256 2686 experior,
285 2602 428 2687 adeoque
455 2627 522 2669 non
550 2604 712 2668 deterreor
735 2604 945 2668 sermunculis
970 2605 1119 2688 istorum,

97 2697 133 2756 ut
156 2693 242 2756 ultro
265 2696 298 2755 te
321 2714 441 2777 rogem,
464 2697 622 2758 monstres
646 2693 780 2776 aliquid,
810 2693 896 2776 quod
918 2693 969 2756 his
994 2693 1118 2758 addam.

28 2799 77 2846 115
96 2781 188 2846 Nihil
224 2781 308 2845 enim
339 2803 433 2846 curae
461 2805 549 2847 meae
579 2783 657 2847 satis
688 2787 744 2846 est.
792 2780 921 2867 Cogito,
949 2802 1045 2864 quam
1076 2784 1119 2848 sit

97 2893 250 2956 magnum
281 2871 355 2934 dare
386 2872 508 2955 aliquid
538 2873 573 2935 in
602 2893 715 2935 manus
745 2870 928 2953 hominum,
958 2893 1018 2936 nec
1048 2894 1118 2955 per·

97 2960 228 3024 suadere
261 2960 340 3023 mihi
372 2982 505 3042 possum
536 2982 603 3024 non
639 2965 672 3024 et
704 2981 777 3024 cum
813 2959 925 3024 multis
957 2966 990 3024 et
1022 2982 1117 3045 saepe
1136 2983 1162 3023 eo

97 3048 312 3132 tractandum,
355 3049 441 3132 quod
483 3051 608 3133 placere
651 3053 683 3113 et
724 3070 850 3131 semper
891 3054 923 3113 et
966 3051 1116 3115 omnibus

97 3139 216 3221 cupias.
263 3137 352 3203 Vale.

169 3318 184 3365 2
204 3313 228 3365 si
247 3330 297 3367 om.
314 3314 343 3366 D
350 3330 400 3381 pr.
487 3318 502 3365 3
522 3315 582 3366 tum
602 3330 674 3367 max.
690 3326 741 3367 sa.
829 3319 861 3368 11
881 3313 928 3367 hic
948 3331 998 3367 scr.
1014 3316 1048 3368 tr.
1064 3315 1115 3369 del.

97 3385 162 3437 Birt
185 3401 252 3438 mue.
277 3384 365 3439 Rhea.
386 3385 527 3438 XXXIV
548 3388 644 3453 (1879)
663 3402 694 3454 p.
718 3388 780 3452 529,
805 3386 852 3440 sed
875 3387 909 3453 cf.
929 3385 1008 3454 infra
1025 3389 1071 3453 24,
1090 3391 1115 3440 8.

97 3461 129 3507 11
145 3455 230 3508 timor
245 3456 309 3509 add.
324 3457 361 3509 M
367 3457 397 3509 D
405 3474 431 3522 α,
447 3457 483 3510 K.
496 3457 531 3510 II
541 3457 624 3526 (disp.
640 3458 674 3510 H
686 3460 741 3524 16),
763 3473 813 3511 om.
828 3474 877 3526 pr,
893 3457 964 3523 Κ.Ι,
978 3474 1002 3511 v.
1018 3456 1117 3528 &capt

75 3542 110 3588 p.
125 3530 189 3579 222
201 3534 232 3579 et
247 3531 309 3594 0⁶67,
325 3528 447 3595 611611),
462 3529 497 3597 cf.
511 3545 610 3601 posey.
624 3532 670 3595 82,
683 3532 710 3583 8.
730 3559 762 3568 -
785 3528 838 3583 Oie.
854 3528 895 3586 de„
904 3544 941 3582 cr.
958 3530 976 3586 1
988 3533 1032 3594 33,
1049 3533 1117 3595 150,-

67 3593 195 3658 Μάνη,
224 3599 290 3652 Vll
299 3604 347 3668 25,
367 3606 406 3670 2,
423 3603 501 3660 Phil.
516 3604 555 3660 11
574 3605 619 3674 36,
640 3607 690 3670 90,-
712 3600 763 3659 su.
779 3601 858 3666 114,
874 3603 919 3651 to.
