2400 3862
97 182 161 255 152
488 155 491 160 ’
533 177 677 232 crum

95 342 269 408 difficultas
289 343 394 428 operis
412 343 447 407 in
461 363 569 425 causa,
592 340 712 406 modici
731 361 769 406 ac
786 340 895 424 potius
914 339 1037 425 exigui,
1060 339 1117 404 sed

94 432 210 496 inertia
237 433 319 516 eius,
347 433 399 496 cui
427 454 504 497 cura
535 431 686 495 mandata
714 433 770 495 est.
817 427 912 494 Subit
935 429 1117 515 indignatio

95 543 169 587 cum
192 522 398 587 miseratione
415 526 491 605 post
510 520 669 585 decimum
690 519 803 584 mortis
823 541 943 583 annum
962 519 1115 602 reliquias

94 613 341 696 neglectumque
365 611 503 675 cinerem
531 609 599 674 sine
622 609 734 692 titulo,
758 609 828 673 sine
849 609 982 673 nomine
1004 608 1117 691 iacere,

11 754 13 759 ,
58 701 185 765 ccuius
209 701 364 765 memoria
387 699 497 764 orbem
520 703 678 763 terrarum
701 697 806 784 gloria
828 702 1029 783 pervagetur.
1071 696 1149 762 Ata

94 789 149 853 ille
181 790 388 854 mandaverat
419 793 622 871 caveratque,
654 791 692 851 ut
724 787 869 851 divinum
897 787 978 851 illud
1006 791 1038 850 et
1070 787 1118 850 in·

94 879 230 943 mortale
253 877 375 943 factum
398 878 543 944 versibus
567 877 827 942 inscriberetur:·

94 984 166 1049 Hic
186 984 283 1051 situs
303 989 361 1050 est
375 984 512 1068 Rufus,
531 986 644 1068 pulso
664 983 904 1068 quiVindioe
926 982 1117 1065 quondam

161 1075 363 1158 imperium
387 1075 559 1140 adseruit
581 1095 657 1138 non
681 1073 773 1157 sibi,
797 1073 862 1137 sed
886 1073 1044 1156 patriae.

59 1180 173 1246 5Tam
201 1204 273 1246 rara
299 1183 334 1245 in
361 1182 511 1247 amicitiis
535 1181 629 1264 fides,
656 1184 723 1246 tam
747 1183 860 1264 parata
884 1180 1005 1245 oblivio
1034 1201 1164 1243 mor-10

13 1321 16 1326 .
93 1274 238 1352 tuorum,
266 1275 303 1335 ut
330 1271 393 1355 ipsi
420 1271 513 1336 nobis
538 1271 708 1336 debeamus
737 1271 833 1334 etiam
857 1269 1038 1334 conditoria
1066 1291 1119 1332 ex·

58 1364 215 1424 astruere
248 1360 419 1444 omniaque
451 1360 606 1425 heredum
635 1360 745 1424 officia
772 1381 984 1443 praesumere.
1030 1356 1118 1422 Nam

94 1451 146 1514 cui
178 1471 244 1515 non
276 1454 325 1515 est
356 1450 546 1533 verendum,
578 1450 664 1534 quod
687 1449 833 1513 videmus
857 1448 1011 1513 accidisse
1039 1446 1119 1512 Ver-

93 1539 205 1624 ginio?
234 1540 324 1604 cuius
352 1539 503 1603 iniuriam
531 1543 568 1603 ut
595 1538 811 1624 indigniorem
840 1537 886 1603 sic
914 1538 1012 1601 etiam
1034 1536 1118 1601 noti-

95 1650 182 1693 orem
205 1628 307 1711 ipsius
331 1629 460 1693 claritas
483 1628 571 1693 facit.
621 1626 729 1693 Vale'
1138 1647 1164 1690 15

582 1794 634 1853 XI.

354 1920 385 1971 C.
400 1921 547 1972 PLINIUS
566 1922 714 1972 MAXIMO
734 1922 802 1972 SUO
823 1921 851 1972 S.

58 2057 73 2104 1
157 2038 184 2106 O
208 2040 293 2104 diem
315 2041 453 2104 laetum!
477 2039 640 2104 adhibitus
665 2041 698 2103 in
722 2039 893 2105 consilium
917 2063 936 2102 a
954 2039 1115 2123 praefecto

93 2130 182 2194 urbis
206 2129 315 2194 audivi
338 2152 378 2193 ex
395 2129 521 2193 diverso
545 2133 675 2215 agentes
700 2151 843 2193 summae
867 2130 950 2213 spei,
973 2151 1117 2193 summae

94 2220 211 2283 indolis
244 2219 389 2303 iuvenes,
430 2217 570 2283 Fuscum
605 2216 819 2283 Salinatorem
851 2222 883 2282 et
914 2217 1116 2284 Ummidium
1135 2239 1163 2280 ao

94 2306 307 2391 Quadratum,
330 2309 492 2395 egregium
513 2331 572 2392 par
584 2329 645 2374 nec
658 2309 755 2373 modo
774 2309 972 2391 temporibus
987 2308 1116 2391 nostris,

58 2398 149 2462 ased
181 2397 297 2462 litteris
330 2397 409 2481 ipsis
443 2401 632 2463 ornamento
664 2397 819 2462 futurum.
874 2397 962 2462 Mira
987 2397 1116 2480 utrique

93 2486 253 2570 probitas,
272 2487 453 2551 constantia
468 2489 569 2570 salva,
589 2488 722 2552 decorus
741 2488 886 2570 habitus,
905 2508 940 2550 os
955 2485 1118 2568 Latinum,

94 2597 158 2640 vox
175 2576 288 2657 virilis,
307 2580 402 2639 tenax
417 2579 580 2659 memoria,
595 2599 748 2663 magnum
762 2577 943 2663 ingenium,
961 2575 1115 2639 iudicium

95 2666 241 2748 aequale3
280 2686 361 2747 quae
394 2667 522 2750 singula
547 2668 634 2731 'mihi
666 2668 827 2749 voluptati
857 2666 987 2729 fuerunt
1019 2669 1115 2746 atque
1135 2684 1167 2735 aa,

94 2755 179 2819 inter
201 2755 280 2818 haec
304 2754 398 2836 illud,
422 2756 508 2837 quod
532 2760 564 2820 et
582 2757 646 2840 ipsi
669 2779 720 2820 me
743 2760 780 2820 ut
799 2759 968 2838 rectorem,
993 2758 1030 2817 ut
1048 2776 1116 2817 ma-

95 2844 232 2929 gistrum
252 2843 461 2907 intuebantur
480 2850 512 2908 et
525 2845 578 2927 iis,
603 2846 659 2928 qui
674 2846 862 2926 audiebant,
885 2867 937 2908 me
952 2843 1117 2927 aemulari,

58 2933 173 2997 amois
207 2933 327 2997 instare
358 2933 503 3018 vestigiis
536 2935 736 2998 videbantur.
783 2933 809 2998 Ο
839 2933 920 2997 diem
957 2931 1116 3019 (repetam

94 3019 194 3107 enim)
218 3024 338 3087 laetum
362 3024 602 3105 notandumque
622 3025 703 3088 mihi
726 3022 953 3087 candidissimo
978 3023 1116 3086 calculo!

94 3110 178 3188 Quid
198 3113 283 3176 enim
303 3116 358 3176 aut
376 3110 504 3195 publice
521 3113 637 3176 laetius
657 3135 754 3196 quam
773 3112 967 3177 clarissimos
985 3111 1116 3175 iuvenes
1136 3127 1163 3167 ευ

93 3223 212 3265 nomen
241 3206 273 3265 et
300 3201 420 3265 famam
448 3223 487 3265 ex
515 3202 630 3266 studiis
659 3206 766 3286 petere
790 3205 846 3265 aut
868 3202 949 3265 mihi
973 3200 1116 3284 optatius

95 3312 191 3373 quam
220 3313 271 3354 me
304 3291 344 3354 ad
376 3294 463 3355 recta
494 3291 700 3355 tendentibus
732 3292 825 3374 quasi
854 3291 1019 3373 exemplar
1048 3310 1117 3353 esse

58 3397 75 3444 4
94 3380 321 3463 propositum?
346 3379 438 3456 Quod
462 3381 617 3465 gaudium
640 3385 676 3444 ut
699 3384 856 3465 perpetuo
876 3380 1015 3463 capiam,
1039 3379 1116 3442 deos

146 3551 247 3602 Asine
267 3553 354 3628 titulo
374 3572 427 3611 ona.
445 3557 534 3631 Dpr.
