2400 3862
115 191 180 256 392
557 185 585 241 c.
605 185 703 239 PLINI

115 351 211 417 decus
239 352 418 416 habebatur
445 352 593 415 submota
621 352 743 434 campis
767 351 910 435 inruptio
938 349 1083 415 ferarum
1110 355 1144 415 et

79 459 94 508 a
115 441 283 506 obsidione
308 441 446 525 quadam
469 439 624 506 liberatus
648 440 823 527 agrestium
847 441 947 505 labor.
993 437 1142 525 Usurpa·

113 529 193 595 bant
211 530 348 616 gloriam
368 531 462 594 istam
482 530 530 593 illi
546 551 674 614 quoque
693 530 868 615 principes,
888 529 944 613 qui
962 527 1054 594 obire
1072 551 1142 596 non

113 623 276 704 poterant,
298 621 498 705 usurpabant
521 623 628 684 autem
652 620 710 703 ita,
733 623 770 684 ut
793 620 931 685 domitas
954 618 1142 703 fractasque

114 711 261 776 claustris
285 709 369 774 feras
393 730 430 774 ac
454 708 568 774 deinde
590 710 625 774 in
647 709 792 792 ipsorum
811 710 941 793 quidem
959 708 1140 774 ludibrium
1158 733 1171 774 s

113 800 244 865 emissas
260 799 394 864 mentite
409 799 582 884 sagacitate
597 799 795 885 colligerent.
818 798 904 864 Huic
917 821 977 884 par
990 798 1141 882 capiendi

114 888 351 973 quaerendique
384 889 482 954 sudor
514 910 722 972 summusque
755 891 787 955 et
816 888 901 953 idem
934 887 1139 974 gratissimus

77 998 93 1046 4
112 979 204 1043 labor
221 979 374 1044 invenire.
416 978 605 1061 Enimvero,
629 979 656 1043 si
675 978 804 1062 quando
823 977 945 1062 placuit
963 977 1049 1043 idern
1069 999 1139 1044 cor-

115 1069 203 1153 poris
227 1068 326 1133 robur
348 1069 383 1132 in
406 1069 507 1132 maria
529 1068 688 1153 proferre,
710 1090 777 1133 non
801 1068 856 1133 ille
879 1066 1042 1132 fluitantia
1066 1069 1139 1132 vela

113 1162 169 1222 aut
188 1159 289 1223 oculis
310 1157 455 1242 sequitur
473 1161 529 1222 aut
543 1158 705 1242 manibus,
730 1157 785 1222 sed
803 1179 890 1223 nunc
908 1157 1138 1242 gubernaculis
1157 1182 1182 1222 rr

113 1247 251 1332 adsidet,
269 1270 355 1314 nunc
374 1270 447 1313 cum
467 1247 687 1313 valentissimo
708 1268 837 1331 quoque
856 1246 1016 1312 sodalium
1034 1251 1139 1313 certat

112 1337 259 1424 frangere
283 1337 416 1421 fluctus,
439 1337 595 1402 domitare
618 1341 731 1402 ventos
755 1338 950 1402 reluctantes
973 1337 1138 1420 remisque

56 1423 102 1495 82
111 1429 273 1492 transilire
297 1427 459 1492 obstantia
486 1427 581 1511 freta,
609 1431 766 1511 quantum
795 1426 960 1492 dissimilis
988 1425 1052 1511 illi,
1081 1426 1138 1509 qui

111 1539 178 1581 non
202 1515 319 1581 Albani
342 1518 432 1581 lacus
461 1517 564 1581 otium
587 1516 766 1600 Baianique
794 1520 960 1601 torporem
984 1519 1017 1581 ct
1040 1516 1137 1581 silen-

111 1607 193 1671 tium
217 1607 313 1689 ferre,
337 1628 403 1670 non
426 1607 556 1690 pulsum
581 1607 694 1671 saltem
722 1607 947 1692 fragoremque
971 1627 1136 1671 remorum
1156 1627 1180 1671 ιε

111 1696 235 1780 perpeti
259 1698 400 1779 poterat,
424 1696 503 1778 quin
526 1696 566 1760 ad
590 1696 734 1781 singulos
753 1697 836 1761 ictus
855 1696 943 1779 turpi
962 1695 1136 1760 formidine

75 1785 321 1852 ahorresceretl
350 1783 464 1867 Itaque
487 1787 602 1869 procul
630 1786 669 1849 ab
699 1786 787 1851 omni
816 1807 895 1849 sono
924 1785 1136 1851 inconcussus

109 1876 179 1959 ipse
203 1878 235 1939 et
258 1875 399 1939 inmotus
422 1875 559 1960 religato
581 1875 790 1959 revinctoque
808 1875 938 1960 navigio
957 1897 1024 1940 non
1043 1896 1136 1940 secus

75 1985 91 2033 a
111 1985 147 2029 ac
157 1965 320 2049 piaculum
331 1964 462 2049 aliquod
470 1964 663 2029 trahebatur.
697 1964 922 2047 Foedafacies,
937 1965 1137 2050 cumpopuli

111 2054 249 2119 Romani
264 2056 439 2139 imperator
458 2055 597 2118 alienum
613 2075 742 2119 cursum
758 2054 962 2138 alienumque
976 2059 1136 2120 rectorem
1154 2077 1180 2117 ao

75 2163 91 2211 4
110 2145 200 2209 velut
220 2148 315 2230 capta
335 2168 416 2210 nave
438 2147 630 2228 sequeretur.
675 2143 745 2210 Nec
767 2144 970 2209 deformitate
992 2143 1055 2209 ista
1074 2145 1134 2208 sal·

110 2237 176 2299 tem
195 2235 330 2299 flumina
349 2235 513 2319 carebant,
537 2239 633 2318 atque
653 2233 750 2299 etiarn
765 2233 934 2304 Danubius
949 2254 986 2298 ac
1001 2231 1135 2298 Rhenus

111 2327 226 2389 testem
257 2325 350 2390 illum
379 2325 483 2389 nostri
513 2324 677 2389 dedecoris
707 2323 824 2389 vehere
854 2323 1038 2409 gaudebant
1068 2345 1136 2388 non

110 2415 234 2478 minore
257 2436 331 2479 cum
350 2415 473 2498 pudore
492 2414 632 2498 imperii,
657 2413 743 2497 quod
762 2414 842 2479 haec
860 2412 1025 2477 Romanae
1045 2413 1135 2496 aqui-

109 2504 173 2586 lae,
197 2502 343 2567 Romana
367 2504 471 2589 signa,
496 2502 642 2568 Romana
665 2503 802 2588 denique
821 2503 905 2587 ripa,
929 2524 1027 2586 quam
1047 2502 1180 2586 quoda

74 2613 90 2661 a
109 2592 252 2658 hostium
266 2598 500 2677 prospectaret,
523 2593 675 2677 hostium,
700 2593 816 2677 quibus
837 2593 935 2658 moris
954 2596 1004 2657 est
1023 2592 1134 2657 eadem

109 2682 166 2746 illa
188 2704 274 2747 nunc
297 2682 435 2768 rigentia
465 2683 540 2768 gelu
563 2683 698 2747 flumina
725 2687 782 2748 aut
810 2682 931 2766 campis
956 2681 1136 2766 superfusa,

109 2794 196 2837 nunc
218 2772 342 2855 liquida
366 2793 402 2836 ac
427 2771 602 2837 deferentia
630 2773 767 2838 lustrare
795 2771 934 2857 navigiis
961 2771 1134 2854 nandoque

75 2882 90 2929 6
111 2883 270 2946 superare.
316 2861 386 2928 Nec
408 2883 484 2926 vero
508 2884 566 2946 per
589 2884 622 2926 se
646 2884 841 2948 magnopere
859 2860 1057 2927 laudaverim
1078 2860 1135 2925 du-

181 3027 198 3074 4
217 3021 259 3075 ita
279 3021 342 3075 aad,
358 3021 393 3074 A.
478 3025 511 3073 13
530 3018 673 3073 transilire
694 3020 726 3086 0,
746 3021 794 3087 K,
812 3020 964 3074 transferre
983 3018 1070 3074 B'M
1075 3019 1113 3072 Μ
1116 3017 1133 3085 ¹,

110 3093 294 3146 transfretare
309 3093 378 3158 Cat,
393 3094 541 3146 transnare
555 3093 668 3158 Baebr,
685 3091 885 3145 transforare?
900 3090 998 3146 Muell.
1055 3095 1089 3145 18
1104 3091 1133 3144 et

109 3165 167 3217 iam
191 3164 315 3219 inmotus
334 3165 447 3231 Baete,
471 3165 500 3217 et
522 3164 655 3218 immotus
675 3162 725 3230 B',
749 3163 837 3216 etiam
859 3164 952 3216 motus
976 3168 1035 3217 cett.
1055 3162 1132 3216 codd.

110 3242 142 3288 21
163 3236 219 3289 ista
261 3238 357 3290 extera
398 3235 461 3289 salt
477 3236 578 3290 Boelrr.
658 3239 692 3288 22
713 3234 793 3302 atqui
813 3235 914 3288 Baebr.
998 3234 1051 3287 23*
1069 3235 1133 3287 tan-

108 3309 170 3360 tum
194 3235 267 3360 illud
291 3309 341 3361 cod
362 3350 377 3374 .,
395 3308 478 3378 culp,
498 3306 684 3379 <oe>tentum
707 3304 787 3359 illum
812 3306 923 3372 Barba,
946 3305 1132 3378 <0s>tentum

109 3379 181 3432 illud
196 3379 309 3446 Sueten,
323 3381 425 3434 testem
439 3379 519 3434 illurn
534 3396 588 3449 ego,
603 3379 638 3445 cf.
649 3395 680 3447 p.
694 3381 758 3444 211,
767 3382 806 3432 20
819 3395 874 3447 aq.;
888 3381 1012 3444 385,14;
1026 3381 1089 3443 387,
1100 3383 1117 3431 7
1122 3398 1133 3444 ;

98 3452 233 3506 rrmah'ter
251 3468 291 3523 ep),
312 3452 374 3508 VII
388 3456 413 3521 6,
437 3456 469 3507 72
494 3450 565 3505 illud
588 3449 705 3505 verbum
728 3449 766 3503 M
771 3462 811 3503 νς
830 3465 883 3518 pro
906 3447 988 3502 illum
1011 3466 1130 3503 versum.

84 3525 124 3572 28
146 3523 279 3581 hostiurn
302 3525 414 3603 <turba
456 3526 561 3585 Baebr.
673 3526 709 3578 28
727 3520 816 3576 deler.
832 3519 1008 3649 &plaustum
1031 3521 1131 3575 Boebr.

67 3594 108 3641 29
121 3611 155 3662 P·
172 3613 206 3652 so
225 3617 328 3674 magn.
346 3603 399 3661 lau
424 3605 484 3677 .A,
506 3601 585 3660 laud.
601 3620 631 3674 p.
646 3617 679 3656 se
697 3612 799 3668 magn.
811 3612 850 3651 ea
863 3610 889 3664 g.
