2400 3862
129 218 173 282 20
567 215 595 269 o.
614 214 713 269 rami

128 378 339 443 admiratione
359 379 597 464 dignissimum,
620 379 698 462 quia
716 379 838 462 ridere,
860 377 1007 463 adloqui,
1030 379 1150 463 audIre,

129 469 301 551 complecti
336 490 395 533 nec
427 467 558 532 laudare
590 472 733 551 tantum,
768 488 879 533 verum
913 468 1010 534 etiam
1042 490 1150 533 amare

128 557 296 644 contingit,
344 557 433 621 Vale.

592 687 688 745 XVII.

286 796 316 846 Ο.
332 795 480 846 PLINIUS
501 795 684 846 CORNELIO
704 795 854 847 TITIANO
874 795 943 846 SUO
964 795 992 846 S.
1163 807 1174 848 t

94 919 107 964 1
188 896 248 960 Est
271 895 376 959 adhuc
400 917 494 959 curae
517 894 703 960 hominibus
727 894 806 960 fides
830 898 863 960 et
881 894 1042 978 officium,
1066 899 1149 979 sunt,

128 986 184 1069 qui
215 985 441 1049 defunctorum
473 1005 601 1067 quoque
630 984 751 1048 amicos
775 988 881 1071 agant.
928 983 1070 1049 Titinius
1095 982 1148 1050 Oa

127 1076 195 1159 pibo
227 1074 266 1138 ab
297 1075 491 1158 imperatore
520 1077 631 1138 nostro
663 1073 863 1158 impetrarit,
891 1076 930 1138 ut
952 1073 1015 1138 sibi
1037 1073 1149 1140 liceret

91 1186 107 1233 a
128 1168 266 1228 statuam
285 1163 320 1228 L.
340 1162 443 1228 Silani
466 1163 500 1227 in
522 1163 593 1227 foro
617 1184 745 1247 ponere.
785 1162 962 1228 Pulchrum
981 1165 1014 1227 at
1032 1183 1149 1250 magna

126 1254 221 1318 lande
242 1253 374 1339 dignum
394 1251 536 1318 amicitia
553 1252 708 1336 principis
722 1252 756 1316 in
770 1253 833 1317 hoc
846 1252 909 1336 uti,
929 1255 1149 1336 quantumque
1163 1270 1183 1311 o

92 1363 107 1410 3
127 1344 231 1428 gratia
254 1344 374 1423 valeas,
397 1343 535 1406 aliorum
553 1341 731 1406 honoribus
750 1341 896 1425 experiri.
937 1340 998 1405 Est
1017 1341 1149 1407 omnino

128 1431 279 1516 OapItoni
308 1432 341 1496 in
370 1454 432 1496 usn
462 1431 565 1495 claros
595 1431 682 1495 viros
706 1431 824 1514 coler03
853 1430 970 1495 mirum
993 1435 1056 1514 est,
1089 1453 1151 1516 qua

126 1521 296 1606 religione,
327 1542 390 1604 quo
423 1519 529 1584 studio
558 1519 713 1605 imagines
736 1519 926 1603 Brutorum,
957 1517 1150 1604 Cassiorum,

128 1608 285 1673 Catonum
314 1609 414 1690 domi,
446 1608 503 1673 ubi
530 1613 651 1691 potest,
682 1607 808 1672 habeat.
858 1607 947 1674 Idem
980 1609 1151 1675 clarissimi

92 1699 284 1782 rcuiusque
321 1699 420 1761 vitam
458 1697 595 1783 egregiis
633 1697 828 1762 carminibus
862 1701 1003 1763 exornat.
1060 1696 1150 1766 Scias
1166 1714 1187 1757 1⁵

128 1789 234 1870 ipsum
266 1787 414 1872 plurimis
447 1786 621 1850 virtutibus
654 1786 829 1868 abundare,
862 1786 919 1871 qui
951 1786 1072 1852 alienas
1106 1788 1151 1854 sio

128 1881 221 1941 amat.
274 1876 429 1940 ReddItus
462 1880 511 1940 est
543 1874 578 1939 L.
607 1873 717 1940 Silano
749 1876 875 1940 debitus
907 1876 1026 1960 honor,
1059 1878 1151 1942 cuius

128 1966 353 2030 inmortalitati
378 1964 492 2049 Capito
516 1964 683 2048 prosperii
705 1965 826 2048 p'ariter
849 1973 881 2031 et
904 1987 988 2029 suae.
1035 1964 1151 2052 Neque

128 2057 213 2119 enim
243 2056 346 2141 magis
376 2053 527 2119 decorum
558 2059 590 2118 et
619 2054 745 2139 insigne
776 2059 825 2118 est
854 2057 993 2119 statuam
1020 2054 1055 2119 in
1078 2055 1150 2121 foro

127 2146 241 2228 populi
266 2144 404 2209 Romani
426 2143 542 2207 habere
567 2164 663 2225 quam
686 2165 813 2227 ponere.
860 2143 949 2208 Vale.
1167 2163 1189 2203 rr

585 2325 696 2384 XVIII.

245 2436 275 2485 Ο.
290 2436 437 2486 PLINIUS
458 2435 640 2485 SUETONIO
660 2432 895 2496 TRANQUILLO
916 2435 985 2487 SUO
1006 2435 1034 2486 S.

94 2558 106 2601 1
188 2534 308 2599 Scribis
337 2540 368 2599 te
396 2535 601 2618 perterritum
629 2534 754 2598 somnio
783 2536 898 2617 vereri,
925 2557 966 2599 ne
994 2536 1073 2619 quid
1097 2537 1150 2602 ad-

128 2626 211 2688 versi
242 2625 275 2687 in
305 2625 430 2689 actione
454 2625 600 2707 patiaris,
630 2645 741 2708 rogas,
770 2629 808 2688 ut
830 2624 1017 2689 dilationem
1041 2630 1149 2709 petam

129 2718 160 2776 et
182 2715 337 2796 pauculos
362 2714 442 2797 dies,
470 2717 555 2777 certe
579 2714 776 2797 proximum,
804 2735 960 2778 excusem.
1007 2713 1150 2781 Difficile
1166 2741 1187 2784 rs

129 2807 191 2883 est,
220 2803 275 2866 sed
305 2803 462 2885 experiar:
490 2802 554 2866 aut
577 2802 650 2884 γάρ
673 2803 700 2865 τ’
726 2803 822 2884 ὄναρ
847 2800 887 2866 ἐκ
911 2804 1008 2878 Διός
1030 2800 1149 2869 ἐστιν.

94 2892 241 2957 altetert
268 2896 391 2974 tamen,
418 2895 572 2955 eventura
600 2894 703 2955 soleas
732 2914 773 2955 an
797 2893 957 2956 contraria
980 2893 1148 2958 somniare.

129 2981 209 3045 Mihi
237 2981 401 3064 reputanti
429 2981 590 3044 somnium
619 3003 725 3045 meum
748 2980 848 3061 istud,
878 2981 963 3063 quod
986 2981 1080 3046 times
1104 2986 1149 3064 tu,

94 3070 290 3154 aegregiam
328 3070 486 3135 actionem
523 3070 712 3152 portendere
750 3070 883 3133 videtur.
940 3068 1149 3155 Susceperam

128 3180 257 3222 causam
285 3157 357 3222 luni
385 3159 542 3241 Pastoris,
575 3180 647 3223 cum
680 3158 761 3222 mihi
795 3159 971 3241 quiescenti
1003 3160 1073 3224 risa
1101 3165 1150 3226 est
1166 3191 1189 3233 a

129 3270 238 3311 socrus
269 3271 340 3311 mea
370 3248 521 3311 advoluta
551 3249 701 3332 genibus,
730 3270 770 3311 ne
802 3270 943 3333 agerem,
973 3250 1148 3316 obsecrare.

128 3337 172 3400 nc
200 3361 285 3401 eram
314 3341 442 3402 acturus
472 3337 730 3401 adulescentulus
759 3338 877 3420 adhuc,
904 3361 991 3403 eram
1015 3340 1049 3402 ln
1073 3360 1148 3422 qua-

191 3538 205 3582 1
230 3531 351 3601 adloqui
375 3530 475 3585 audire
499 3547 551 3586 our.
577 3531 711 3600 RFpo,
734 3531 799 3584 odd.
823 3531 913 3584 Dra.
988 3537 1004 3583 8
1028 3531 1148 3599 contigit

99 3601 224 3668 MD,
243 3607 329 3675 culp,
347 3605 496 3677 contingit
508 3622 596 3677 pro,
618 3603 762 3672 Hofuctcr
777 3619 805 3669 p.
819 3605 867 3654 49.
922 3605 959 3650 ‘ab
979 3601 1064 3651 Hora.
1079 3601 1163 3651 Aba.
