2386 3840
93 131 159 197 350
526 126 555 183 0·
570 127 667 183 PUNI

91 293 183 359 illum
207 294 296 376 volo,
319 294 375 376 qui
394 290 561 358 Gaesarem
586 292 714 358 fortiter
739 294 857 359 amat?
904 296 1042 365 Eodem
1064 299 1116 364 foro

91 385 227 448 utuntur
262 383 461 466 principatus
498 386 531 448 et
566 382 712 466 libertas,
742 404 828 466 qnae
860 389 1052 472 praecipua
1078 393 1118 454 tn

91 472 195 559 gloria
221 477 284 555 est,
314 473 440 555 saepius
468 472 609 537 vincitur
637 473 749 554 fiscus,
778 473 880 540 cuins
913 478 1012 543 mala
1041 501 1119 545 causa

55 579 71 626 o
90 583 266 645 numquam
289 563 339 626 est
361 562 425 626 nisi
447 562 508 626 sub
530 561 617 628 bono
641 561 794 647 principe.
827 560 967 651 Ingens
987 568 1119 635 hocne

90 651 202 731 ritum,
230 650 451 734 maiusillud,
479 651 564 734 quod
595 673 649 717 eos
676 655 913 735 procuratores
945 656 1070 742 habes,
1094 664 1136 723 nts

89 742 279 826 plerumque
298 741 383 806 cives
401 741 451 805 tui
468 762 535 805 non
553 741 634 806 alios
652 740 773 806 iudices
787 742 924 808 malint
975 746 1121 814 Liberum

90 834 139 896 est
161 834 268 895 autem
292 829 469 895 discrimini
493 852 551 895 suo
577 831 685 895 locum
712 828 839 916 eligere.
891 833 1024 920 Neque
1047 838 1121 904 enin

89 920 189 984 ullam
212 919 435 984 necessitatem
459 919 645 984 muneribus
668 919 733 984 tuis
756 919 862 1004 addis,
890 927 934 988 ut
960 928 1024 1010 qui
1051 930 1121 993 scias

88 1009 173 1074 hano
195 1029 264 1074 esse
286 1009 514 1074 beneficiorum
537 1009 764 1094 principalium
787 1031 976 1099 summam,
1008 1019 1040 1082 si
1067 1019 1121 1082 illis

89 1102 121 1164 et
143 1120 210 1163 non
232 1098 281 1164 uti
302 1098 386 1163 licet.
1133 1125 1145 1162 c

47 1183 79 1253 ll
157 1187 263 1253 Onera
292 1187 418 1272 imperii
446 1188 599 1272 pleraque
627 1186 797 1274 vectigalia
824 1187 966 1257 institui
998 1200 1042 1260 ut
1070 1219 1121 1281 pro

88 1278 229 1343 utilitate
247 1278 411 1342 communi
425 1277 471 1341 ita
484 1277 686 1363 singulorum
699 1298 769 1342 cum
783 1277 914 1344 iniuriis
932 1289 1121 1370 coegerunt

88 1367 149 1433 His
172 1368 324 1433 vicesima
346 1369 472 1451 reperta
495 1369 556 1447 est,
578 1366 736 1431 tributum
763 1367 939 1435 tolerabile
971 1377 1008 1438 et
1033 1376 1122 1441 facile

52 1473 68 1521 2
91 1456 261 1522 heredibus
281 1456 448 1521 dumtaxat
465 1455 634 1539 extraneis,
651 1456 833 1521 domesticis
852 1479 969 1542 grave.
1009 1462 1122 1549 Itaque

88 1546 152 1610 illis
176 1546 354 1631 irrogatum
378 1549 439 1628 est,
461 1546 512 1609 his
531 1546 715 1629 remissum,
732 1545 882 1611 videlicet
901 1552 997 1631 quod
1022 1556 1121 1619 mani·
1134 1578 1148 1618 c

87 1635 205 1700 festum
229 1638 310 1717 erat,
334 1638 454 1718 quanto
478 1657 551 1700 oum
575 1634 685 1702 dolore
707 1636 805 1700 laturi
828 1658 886 1700 seu
909 1641 1033 1720 potius
1058 1667 1121 1710 non

88 1724 185 1789 laturi
207 1724 353 1789 homines
377 1728 483 1789 essent
505 1724 661 1811 destringi
682 1724 803 1808 aliquid
823 1729 855 1789 et
873 1727 997 1794 abradi
1017 1733 1120 1816 bonis,

88 1834 169 1896 quae
192 1813 360 1899 sanguine,
383 1813 577 1899 gentilitate,
606 1836 769 1880 sacrorum
792 1813 932 1898 denique
960 1823 1120 1888 societate

87 1904 291 1986 meruissent,
315 1925 459 1987 quaeque
487 1925 663 1987 numquam
690 1909 728 1969 ut
754 1905 859 1968 aliena
886 1909 921 1968 et
943 1912 1120 1995 speranda,

87 1993 142 2058 sed
174 1997 209 2057 ut
235 2015 293 2058 sua
321 2014 509 2077 semperque
536 2015 684 2077 possessa
716 2015 753 2058 ac
781 1993 931 2076 deinceps
960 2003 1150 2081 proximos

52 2097 67 2146 3
88 2084 203 2166 cuique
221 2083 468 2147 transmittenda
487 2083 653 2167 cepissent.
686 2082 775 2148 Haec
793 2087 1016 2153 mansuetudo
1036 2091 1119 2178 legis

87 2172 248 2236 veteribus
272 2172 395 2237 civibus
419 2173 618 2237 servabatur:
641 2173 731 2255 novi,
755 2194 811 2237 seu
838 2195 896 2255 per
918 2173 1062 2244 Latium
1087 2181 1120 2245 in

87 2261 249 2326 civitatem
273 2284 329 2326 seu
352 2261 509 2326 beneficio
533 2261 688 2346 principis
712 2262 888 2345 venissent,
916 2264 984 2329 nisi
1017 2270 1119 2334 simul

87 2351 288 2434 cognationis
317 2351 387 2414 iura
414 2351 655 2435 impetrassent,
682 2351 869 2416 alienissimi
895 2351 1119 2443 habebantur,

51 2459 68 2506 4
87 2441 203 2524 quibus
223 2439 477 2505 coniunctissimi
495 2440 631 2504 fuerant.
654 2441 704 2505 lta
722 2442 897 2505 maximum
912 2439 1118 2514 beneficium
1134 2472 1154 2514 a

86 2529 270 2594 vertebatur
292 2530 327 2593 in
345 2530 567 2614 gravissimam
585 2529 745 2613 iniuriam,
763 2530 940 2613 civitasque
960 2530 1119 2603 Romana

86 2619 187 2684 instar
206 2623 274 2683 erat
292 2618 358 2682 odii
376 2623 408 2683 et
426 2620 603 2684 discordiae
622 2623 654 2683 et
673 2621 829 2702 orbitatis,
848 2641 920 2685 cum
941 2623 1118 2693 carissima

50 2727 66 2774 o
85 2709 222 2794 pignora
244 2710 332 2774 salva
349 2708 494 2791 ipsorum
513 2709 631 2793 pietate
650 2709 849 2774 distraheret.
895 2707 1116 2782 Invenieban-

85 2801 139 2862 tur
161 2802 283 2881 tamen,
306 2799 422 2882 quibus
446 2803 555 2865 tantus
579 2820 670 2863 amor
691 2800 832 2864 nominis
854 2798 958 2863 nostri
977 2799 1116 2890 inesset,

158 2961 172 3008 1
187 2955 252 3009 nolo
262 2956 365 3011 BVru
375 2962 400 3010 ct
409 2955 515 3011 Sertori
525 2958 563 3012 M
568 2955 613 3012 ’R
624 2955 664 3010 V¹
676 2957 724 3024 1⁷³,
734 2956 845 3026 Sauppe
855 2957 927 3011 Phil.
939 2955 1037 3014 XXX
1046 2967 1115 3032 136,

86 3028 158 3084 Suet.
174 3056 208 3066 —
224 3028 291 3095 quia
310 3027 410 3083 B'OO
430 3034 456 3082 et
473 3028 552 3082 Keili
568 3029 605 3092 B,
625 3028 698 3094 XI,
719 3030 816 3083 Maeli.
890 3033 1000 3095 2quae
1020 3034 1113 3102 codd,

86 3100 161 3164 K.I,
174 3098 257 3165 Suet,
276 3099 551 3171 quae<que>11ipa.,
571 3099 608 3153 K.
619 3100 662 3166 11,
680 3101 793 3166 Bcebr,
812 3099 910 3154 Maeli.
985 3105 1001 3153 3
1022 3119 1113 3174 saepe

85 3170 184 3238 Stangl
202 3187 215 3224 c
234 3170 313 3224 Keili
330 3172 391 3225 Ao.
479 3176 494 3224 ἵ
515 3170 671 3224 discrimini
690 3187 740 3224 suo
760 3171 852 3225 locum
871 3170 975 3239 eligere
995 3174 1111 3245 Madv,

86 3242 194 3308 Maeli,
219 3241 388 3295 discriminis
413 3241 490 3295 ‘nolo
514 3240 586 3311 (volo
610 3241 686 3295 BB'
699 3243 778 3311 VW)
803 3259 867 3296 eum
891 3241 1009 3311 eligere’
1032 3249 1110 3318 culp,

87 3319 119 3367 12
145 3312 186 3366 ita
211 3312 314 3384 (sine)
339 3314 410 3382 sing.
430 3313 514 3366 iniur.
533 3313 641 3381 Madv,
666 3315 772 3380 Muell,
796 3315 868 3384 sing.
888 3313 996 3386 (cum)
1020 3317 1109 3374 iniur.

85 3385 187 3439 Baelo.
211 3415 247 3424 —
275 3387 407 3456 cogerent
433 3385 478 3438 his
503 3385 545 3439 ccl
572 3387 738 3453 cogerentur
765 3386 809 3439 his
837 3386 922 3453 codd,
951 3395 1111 3457 coegerunt

85 3459 212 3526 (coegere
228 3457 349 3524 Bactra).
379 3455 430 3510 His
450 3455 492 3526 (ln
505 3456 550 3510 his
566 3457 603 3511 K.
615 3458 660 3525 Π)
674 3456 748 3522 Oct,
762 3458 802 3510 K.
812 3459 857 3520 11,
869 3458 986 3515 Basta,
1002 3460 1119 3520 Musti„

80 3546 101 3584 a.
115 3528 222 3586 Barth.
232 3547 264 3603 p.
281 3535 344 3602 171,
365 3547 495 3605 coegere.
532 3530 612 3588 inter
630 3529 692 3583 ista
712 3525 847 3583 Soboettc.
