2400 3862
113 167 177 231 184
548 161 576 216 c.
595 162 694 217 nunu

111 328 315 392 bellatorium
351 327 461 391 stilum
499 327 662 392 suaserim.
709 325 755 393 Ut
787 329 873 392 enim
902 332 1006 393 terrae
1035 329 1135 394 variis

112 418 307 500 mutatisque
339 414 515 480 seminibus
547 417 594 480 ita
629 416 759 502 ingenia
794 421 906 482 nostre
940 439 1028 483 nunc
1063 417 1136 503 hac,

76 521 197 571 cnunc
219 507 277 570 ille
304 505 512 570 meditatione
539 507 734 570 recoluntur.
781 505 865 571 Volo
893 506 1056 572 interdum
1079 507 1137 572 eli·

111 617 206 678 quem
235 617 275 659 ex
301 594 437 659 historia
463 595 572 659 locum
600 594 833 679 adprehendas,
863 597 938 660 volo
962 595 1136 680 epistulam

112 684 298 769 diligentius
322 684 452 748 scribas.
484 683 570 749 Nem
589 705 684 767 saepe
702 684 736 748 in
755 685 900 749 oratione
920 706 1049 769 quoque
1066 705 1166 751 nonu

110 774 265 838 historica
292 772 401 856 modo,
430 773 484 839 sed
514 795 616 857 prope
643 773 771 856 poetica
798 773 1050 858 descriptionum
1079 798 1136 841 ne

112 864 242 926 cessitas
266 861 392 946 incidit,
417 867 449 927 et
466 883 595 946 pressus
619 883 724 927 sermo
742 884 907 948 purusque
927 885 967 928 ex
985 864 1136 947 epistulis

76 968 91 1015 9
111 952 239 1035 petitur.
273 949 334 1016 Fas
358 956 407 1016 est
430 955 462 1015 et
485 951 625 1016 carmine
648 952 782 1035 remitti,
801 974 868 1016 non
886 952 958 1018 dico
979 953 1135 1020 continuo

111 1045 144 1104 et
165 1042 264 1126 longo
288 1039 336 1127 (id
359 1039 445 1105 enim
469 1040 581 1124 perfici
603 1040 667 1105 nisi
690 1042 724 1105 in
747 1041 814 1106 otio
837 1063 904 1106 non
926 1039 1059 1126 potest),
1079 1043 1136 1107 sed

110 1129 173 1194 hoc
201 1134 315 1214 arguto
346 1138 377 1194 et
404 1130 507 1213 brevi,
531 1130 618 1214 quod
642 1133 716 1214 apte
740 1134 876 1215 quantas
895 1131 975 1195 libet
999 1149 1180 1216 occupa-1⁰

59 1235 91 1284 10
110 1221 215 1285 tiones
249 1241 405 1302 curaeque
437 1219 617 1305 distinguit.
667 1219 772 1284 Lusus
805 1224 974 1303 vocentur3
1007 1220 1063 1285 sed
1100 1220 1137 1285 hi

110 1310 200 1376 lusus
223 1331 289 1375 non
314 1309 470 1373 minorem
493 1309 655 1374 interdum
674 1309 810 1395 gloriam
834 1331 931 1392 quam
954 1310 1038 1373 seria
1060 1331 1137 1375 con·

111 1402 276 1482 secuntur3
299 1402 396 1482 etque
419 1398 498 1463 edeo
523 1396 595 1484 (cur
614 1399 700 1463 enim
723 1403 755 1463 te
779 1398 818 1462 ad
842 1420 953 1464 versus
976 1421 1043 1463 non
1066 1422 1137 1464 ver·

111 1489 200 1552 sibus
223 1486 411 1573 adhortari)

59 1647 90 1695 11
112 1634 155 1693 ut
177 1631 267 1693 laus
292 1634 354 1694 eet
378 1651 510 1712 cerae,
533 1630 674 1695 mollis
698 1630 930 1712 cedensque
950 1635 1137 1713 sequatur
1156 1656 1181 1697 ru

156 1720 190 1781 si
215 1718 360 1782 doctos
385 1717 544 1803 digitos
568 1720 766 1804 iussaque
790 1719 870 1784 fiat
892 1740 994 1803 opus

112 1807 1137 1892 etnuncinformetMartemcastamveMinervam,

155 1918 261 1961 nunc
274 1895 471 1960 Venerem
487 1896 662 1982 effingat,
676 1919 776 1961 nunc
790 1897 951 1963 Veneris
965 1920 1137 1983 puerum,

111 1990 230 2070 utque
255 1987 355 2051 sacri
378 1985 507 2050 fontes
530 2008 606 2051 non
629 1988 711 2051 sola
734 1986 912 2051 incendia
935 1987 1095 2070 sistunt,

157 2099 268 2160 saepe
292 2076 406 2140 etiam
430 2074 550 2139 flores
574 2097 767 2160 vernaque
790 2081 901 2160 prata
924 2077 1073 2159 levant,
1156 2103 1183 2143 ro

112 2166 167 2230 sic
189 2167 387 2230 hominum
411 2164 607 2250 ingenium
631 2164 743 2229 flecti
762 2164 927 2249 ducique
946 2187 1014 2249 per
1032 2170 1136 2231 artes

157 2277 231 2319 non
254 2255 400 2339 rigidas
425 2253 538 2318 docta
560 2253 779 2318 mobilitate
803 2253 919 2319 decet.

60 2414 224 2495 miteque
253 2416 370 2479 summi
398 2421 554 2498 oratores,
582 2413 700 2479 summi
728 2415 825 2478 etiam
853 2415 914 2477 viri
942 2414 988 2479 sic
1017 2435 1051 2479 se
1079 2420 1137 2480 aut

112 2502 303 2567 exercebant
329 2509 385 2569 aut
413 2505 628 2587 delectabant,
656 2504 756 2567 immo
781 2503 983 2568 delectabant
1010 2525 1137 2569 exerce-

60 2610 92 2657 13
112 2593 261 2676 bantque,
308 2592 393 2657 Nam
426 2595 544 2659 mirum
577 2597 638 2676 est,
671 2597 708 2657 ut
734 2593 784 2657 his
814 2593 979 2676 opusculis
1008 2593 1136 2658 animus
1155 2620 1182 2661 re

112 2681 311 2764 intendatur,
338 2683 529 2748 remittatur.
575 2683 749 2766 Recipiunt
777 2683 862 2746 enim
891 2702 1029 2764 amores,
1044 2681 1137 2767 odia,

112 2774 189 2855 iras,
211 2771 477 2855 misericordiam,
500 2773 729 2854 urbanitatem,
753 2771 861 2836 omnia
884 2770 1034 2854 denique,
1053 2793 1136 2854 quae

60 2877 92 2925 14
112 2863 145 2926 in
169 2861 236 2926 vita
259 2865 355 2943 atque
379 2861 475 2925 etiam
500 2862 628 2928 infore
653 2861 820 2943 causisque
839 2864 1014 2925 versantur.
1047 2859 1137 2925 Inest

112 2947 162 3014 his
187 2973 316 3035 quoque
339 2950 448 3015 eadem
474 2973 554 3034 quae
577 2951 649 3015 aliis
669 2950 863 3014 carminibus
887 2949 1023 3032 utilitas,
1048 2951 1135 3033 quod

185 3132 200 3178 3
220 3125 287 3179 illac
306 3128 335 3180 D
339 3143 400 3194 pa,
419 3127 466 3180 ced
485 3127 520 3192 cf.
536 3128 625 3192 1117,
639 3131 690 3191 18,·
711 3127 789 3179 VIII
798 3129 843 3191 20,
858 3131 882 3180 7.
971 3131 986 3178 5
1007 3125 1135 3178 oratione

113 3211 159 3263 νς,
180 3199 217 3251 K.
234 3199 268 3251 II
283 3199 366 3266 (disp.
387 3199 422 3251 II
440 3201 495 3265 14),
520 3197 660 3251 orationes
680 3197 716 3249 M
723 3197 791 3263 Da,
812 3197 848 3250 K.
868 3199 893 3262 Ι,
913 3197 997 3250 Gertz
1015 3197 1054 3250 ud
1071 3196 1134 3251 Sec.

112 3271 178 3326 dial.
205 3270 348 3335 V111,1.
450 3269 683 3322 thistoricarum
703 3285 739 3320 m.
754 3285 775 3322 s.
790 3285 832 3336 pr.
847 3268 1023 3336 poeticarum
1044 3267 1133 3322 Gerra

114 3347 147 3395 15
170 3341 232 3394 cide
250 3341 277 3394 J.
298 3342 334 3394 E.
355 3341 389 3394 Β,
411 3342 516 3410 Meyer
539 3339 651 3394 Olearia.
672 3340 781 3394 Revicw
800 3341 894 3393 XVII
914 3343 1020 3407 (1903),
1048 3356 1075 3408 p.
1090 3343 1134 3394 57.

113 3418 146 3466 20
170 3411 268 3464 lavant
291 3412 320 3465 D
345 3416 426 3477 (corr.
448 3414 479 3465 dn
503 3411 619 3479 levant),
641 3428 699 3479 pa,
726 3410 795 3476 Otto,
820 3413 926 3476 Mucii,
950 3411 985 3476 ef.
1005 3412 1071 3477 V6,
1091 3414 1134 3476 40,

112 3485 211 3538 iuvant
226 3484 263 3536 M
267 3494 318 3548 rs,
339 3484 388 3548 K,
408 3485 495 3538 Merr.
569 3488 603 3536 22
622 3481 717 3551 rigida
731 3481 829 3535 doctae
844 3482 1030 3536 Baehrensiuc
1044 3482 1134 3537 FPL.
