2386 3840
88 124 134 191 40
527 120 556 175 c.
574 120 673 175 eamr

54 297 71 346 8
90 292 124 350 et
146 284 298 368 cupidum
321 284 476 350 ulteriora
499 284 657 349 audiendi.
694 282 767 349 Hoc
789 284 898 348 fructu
917 287 1032 369 tanto,
1053 290 1112 351 tan

90 378 202 458 parato
226 375 336 439 desine
360 374 466 438 studia
489 379 546 438 tua
568 373 696 437 infinita
718 373 781 437 ista
803 374 1020 439 cunctatione
1037 375 1112 440 frau-

90 465 178 545 dare,
216 484 297 546 quae
326 484 400 526 cum
430 461 562 527 modum
595 461 733 544 excedit,
766 461 941 526 verendum
979 471 1046 547 est,
1078 486 1113 528 ne

90 552 280 705 meptiaevplt
307 551 445 617 desidiae
476 553 528 615 vel
557 552 654 616 etiam
683 551 866 615 timiditatis
888 573 1020 618 nomen
1042 555 1113 618 acci·

90 664 167 725 pra.
278 663 303 704 e.
1121 666 1130 707 s

577 787 629 845 XI.

349 896 380 947 C.
394 896 541 946 PLINIUS
560 895 721 946 ARRIANO
741 896 810 946 SUO
829 896 857 946 S.

57 1007 71 1056 1
165 993 255 1060 Solet
278 1017 346 1060 esse
370 995 487 1080 gaudio
511 994 586 1076 tibi,
609 995 637 1059 si
656 996 734 1078 quid
752 999 859 1059 actum
879 999 930 1059 est
953 995 992 1060 in
1007 1003 1115 1062 senatu

92 1085 228 1170 dignum
252 1085 363 1149 ordine
390 1085 456 1148 illo.
503 1083 656 1159 Quamvis
681 1084 766 1147 enim
791 1084 909 1168 quietis
933 1107 1054 1152 amore
1076 1109 1116 1150 se

93 1174 237 1258 cesseris,
265 1174 385 1238 insidet
412 1177 520 1237 tamen
548 1173 655 1237 animo
680 1177 736 1237 tuo
761 1172 938 1237 maiestatis
967 1174 1139 1258 publicaea

93 1284 176 1327 cura.
223 1263 344 1347 Accipe
368 1283 459 1347 ergo,
483 1263 569 1344 quod
592 1284 650 1345 per
672 1263 732 1326 hos
755 1263 822 1326 dies
841 1265 951 1326 actum
976 1270 1032 1328 est
1055 1288 1117 1349 per·

93 1373 189 1416 sonae
219 1353 364 1417 claritate
398 1352 573 1433 famosum,
605 1352 774 1415 severitate
806 1351 946 1434 exempli
980 1354 1118 1434 salubre,

57 1442 138 1505 arei
166 1441 388 1525 magnitudine
416 1445 589 1504 aeternum.
636 1439 756 1504 Marius
784 1438 913 1504 Priscus
938 1444 1118 1507 accusanti·

92 1529 152 1593 bus
176 1529 280 1611 Afris,
308 1527 424 1612 quibus
447 1551 506 1612 pro
531 1531 662 1593 consule
685 1528 839 1611 praefuit,
867 1528 989 1593 omissa
1013 1532 1118 1610 defen·

94 1619 182 1682 sione
206 1618 327 1682 iudices
350 1618 452 1701 petiit.
497 1617 569 1703 Ego
598 1622 630 1682 et
654 1616 820 1682 Cornelius
850 1617 983 1683 Tacitus
1007 1621 1143 1685 adesses

94 1707 360 1790 provincialibus.
378 1708 458 1771 iussi
488 1708 741 1771 existimavimus
771 1707 846 1770 fidei
880 1710 1013 1772 nostrae
1048 1731 1119 1775 con·

94 1796 202 1860 venire
230 1800 345 1860 notum
374 1798 498 1860 senatui
521 1796 625 1860 facere
649 1796 821 1860 excessisse
844 1793 994 1860 Priscum
1017 1800 1120 1864 imna

93 1885 195 1949 nitate
219 1889 251 1949 et
274 1885 407 1949 saevitia
430 1885 577 1968 crimina,
601 1885 718 1967 quibus
738 1885 806 1948 dari
829 1885 949 1948 iudices
974 1893 1120 1971 possent,

94 1995 167 2039 cum
186 1975 227 2038 ob
246 1975 432 2038 innocentes
452 1975 727 2055 condemnandos,
751 1972 990 2038 interficiendos
1011 1977 1121 2060 etiarn,

59 2064 245 2146 epecunias
273 2064 456 2146 accepisset.
506 2063 686 2146 Respondit
715 2061 837 2126 Fronto
867 2061 976 2126 Catius
1008 2065 1149 2150 depres

95 2158 248 2234 cetusque
271 2158 332 2236 est,
355 2174 396 2216 ne
420 2152 497 2234 quid
520 2153 606 2216 ultra
624 2152 871 2234 repetundarum
891 2153 998 2236 legem
1023 2175 1121 2237 quae»

95 2244 231 2320 reretur,
255 2243 426 2324 omniaque
454 2241 589 2305 actionis
619 2263 694 2304 suae
717 2241 789 2304 vela
811 2242 861 2304 vir
884 2242 1121 2308 movendarum

94 2329 299 2394 lacrimarum
328 2330 542 2411 peritissimus
574 2330 713 2412 quodam
741 2330 831 2393 velut
857 2333 954 2393 vento
985 2332 1122 2398 misera-

60 2437 77 2484 4
95 2418 194 2482 tionis
213 2419 368 2500 implevit.
405 2417 524 2503 Magna
543 2420 720 2501 contentio,
743 2418 853 2503 magni
871 2419 1037 2501 utrimque
1057 2424 1121 2487 cla·

96 2529 200 2571 mores
224 2507 295 2571 aliis
319 2507 535 2591 cognitionem
560 2511 687 2571 senatus
715 2508 786 2592 lege
816 2508 1016 2590 conclusam,
1046 2512 1155 2576 aliisae

95 2595 230 2660 liberam
254 2597 457 2677 solutamque
477 2596 666 2676 dicentibus,
689 2600 910 2678 quantumque
934 2596 1122 2666 admisisset

61 2702 185 2769 treus,
207 2689 333 2748 tantum
357 2684 593 2748 vindicandum.
630 2683 815 2749 Novissime
834 2687 947 2749 consul
971 2685 1121 2773 designa·

96 2777 148 2837 tus
171 2772 274 2838 Iulius
293 2772 411 2855 Ferox,
434 2774 484 2836 vir
506 2779 611 2838 rectus
635 2778 667 2837 et
691 2778 836 2857 sanctus,
857 2774 959 2837 Mario
984 2777 1122 2857 quidem

96 2862 216 2927 iudices
240 2863 368 2926 interim
392 2863 517 2927 censuit
540 2863 675 2944 dandos,
698 2863 877 2927 evocandos
901 2866 1022 2946 autem,
1049 2868 1122 2949 qui·

61 2951 157 3018 ebus
188 2951 347 3015 diceretur
365 2952 599 3016 'innocentium
632 2973 751 3034 poenas
782 2951 972 3015 vendidisse.
1028 2952 1121 3030 Quae
1137 2975 1160 3017 ss

97 3041 256 3104 sententia
273 3062 339 3104 non
358 3041 538 3123 praevaluit
555 3040 667 3122 modo,
690 3041 745 3105 sed
765 3041 896 3105 omnino
915 3044 990 3124 post
1007 3046 1120 3110 tantas

97 3129 310 3194 dissensiones
337 3129 401 3192 fuit
429 3130 498 3193 sola
526 3129 684 3213 frequens,
713 3131 965 3212 adnotatumque
993 3135 1121 3214 experi-

97 3218 227 3299 mentis,
250 3218 336 3300 quod
358 3217 451 3282 favor
469 3221 501 3281 et
519 3218 737 3283 misericordia
755 3239 842 3281 acres
858 3224 890 3282 et
910 3217 1121 3288 vehementes

97 3308 218 3390 primos
250 3307 389 3389 impetus
421 3307 553 3390 habent,
583 3307 738 3390 paulatim
768 3307 902 3371 consilio
932 3312 964 3371 et
990 3311 1121 3377 ratione

63 3416 77 3463 ‘1
98 3397 190 3481 quasi
209 3395 362 3459 restincta
380 3396 559 3460 considunt.
590 3395 681 3461 Unde
700 3397 819 3477 evenit,
842 3401 893 3476 ut,
915 3397 1002 3477 quod
1021 3402 1119 3466 multi
1137 3419 1161 3463 ss

98 3487 237 3552 clamore
253 3485 417 3569 permixto
442 3490 584 3573 tuentur,
610 3507 708 3551 nemo
734 3484 924 3548 tacentdius
946 3484 1064 3542 ceteras
1087 3488 1136 3545 dx·
