<?xml version="1.0" encoding="UTF-8"?>
<!DOCTYPE html PUBLIC "-//W3C//DTD XHTML 1.0 Transitional//EN"
    "http://www.w3.org/TR/xhtml1/DTD/xhtml1-transitional.dtd">
<html xmlns="http://www.w3.org/1999/xhtml" xml:lang="en" lang="en">
 <head>
  <title>
</title>
<meta http-equiv="Content-Type" content="text/html;charset=utf-8" />
  <meta name='ocr-system' content='tesseract 3.04.00' />
  <meta name='ocr-capabilities' content='ocr_page ocr_carea ocr_par ocr_line ocrx_word'/>
</head>
<body>
  <div class='ocr_page' id='page_1' title='image "./cplinicaecilise00kukugoog_0123.png"; bbox 0 0 2400 3862; ppageno 0'>
   <div class='ocr_carea' id='block_1_1' title="bbox 92 150 755 258">
    <p class='ocr_par' dir='ltr' id='par_1_1' title="bbox 92 150 755 258">
     <span class='ocr_line' id='line_1_1' title="bbox 92 150 755 258; baseline -0.005 -15"><span class='ocrx_word' id='word_1_1' title='bbox 92 192 155 258; x_wconf 76' lang='lat'><strong>106</strong></span> <span class='ocrx_word' id='word_1_2' title='bbox 303 150 304 154; x_wconf 23' lang='lat'>¹</span> <span class='ocrx_word' id='word_1_3' title='bbox 526 187 555 242; x_wconf 84' lang='lat' dir='ltr'><strong>o.</strong></span> <span class='ocrx_word' id='word_1_4' title='bbox 574 186 672 240; x_wconf 81' lang='lat' dir='ltr'><strong>Pnnu</strong></span> <span class='ocrx_word' id='word_1_5' title='bbox 750 152 755 159; x_wconf 40' lang='lat'>¹</span> 
     </span>
    </p>
   </div>
   <div class='ocr_carea' id='block_1_2' title="bbox 90 318 1110 438">
    <p class='ocr_par' dir='ltr' id='par_1_2' title="bbox 90 318 1110 438">
     <span class='ocr_line' id='line_1_2' title="bbox 90 318 1110 438; baseline -0.004 -22"><span class='ocrx_word' id='word_1_6' title='bbox 90 352 225 438; x_wconf 87' lang='lat' dir='ltr'><strong>dignum</strong></span> <span class='ocrx_word' id='word_1_7' title='bbox 256 350 379 435; x_wconf 87' lang='lat' dir='ltr'><strong>aliquid</strong></span> <span class='ocrx_word' id='word_1_8' title='bbox 411 349 552 435; x_wconf 88' lang='lat' dir='ltr'><strong>auribus,</strong></span> <span class='ocrx_word' id='word_1_9' title='bbox 580 350 714 435; x_wconf 87' lang='lat' dir='ltr'><strong>dignum</strong></span> <span class='ocrx_word' id='word_1_10' title='bbox 750 349 870 414; x_wconf 87' lang='lat' dir='ltr'><strong>chartis</strong></span> <span class='ocrx_word' id='word_1_11' title='bbox 899 318 1110 412; x_wconf 85' lang='lat' dir='ltr'><strong>elaboremus.</strong></span> 
     </span>
    </p>
   </div>
   <div class='ocr_carea' id='block_1_3' title="bbox 90 441 645 592">
    <p class='ocr_par' dir='ltr' id='par_1_3' title="bbox 90 441 645 592">
     <span class='ocr_line' id='line_1_3' title="bbox 90 441 179 506; baseline -0.011 -1"><span class='ocrx_word' id='word_1_12' title='bbox 90 441 179 506; x_wconf 87' lang='lat' dir='ltr'><strong>Vale.</strong></span> 
     </span>
     <span class='ocr_line' id='line_1_4' title="bbox 548 532 645 592; baseline 0.01 -1"><span class='ocrx_word' id='word_1_13' title='bbox 548 532 645 592; x_wconf 86' lang='lat' dir='ltr'>XVII.</span> 
     </span>
    </p>
   </div>
   <div class='ocr_carea' id='block_1_4' title="bbox 292 641 912 693">
    <p class='ocr_par' dir='ltr' id='par_1_4' title="bbox 292 641 912 693">
     <span class='ocr_line' id='line_1_5' title="bbox 292 641 912 693; baseline -0.002 -1"><span class='ocrx_word' id='word_1_14' title='bbox 292 642 323 692; x_wconf 81' lang='grc' dir='ltr'><strong>Ο.</strong></span> <span class='ocrx_word' id='word_1_15' title='bbox 338 641 486 693; x_wconf 82' lang='lat' dir='ltr'><strong>PLINIUS</strong></span> <span class='ocrx_word' id='word_1_16' title='bbox 505 641 629 693; x_wconf 80' lang='lat' dir='ltr'>ASINIO</span> <span class='ocrx_word' id='word_1_17' title='bbox 649 641 769 692; x_wconf 79' lang='lat' dir='ltr'><strong>GALLO</strong></span> <span class='ocrx_word' id='word_1_18' title='bbox 790 641 860 692; x_wconf 83' lang='lat' dir='ltr'><strong>SUO</strong></span> <span class='ocrx_word' id='word_1_19' title='bbox 885 641 912 691; x_wconf 85' lang='lat' dir='ltr'><strong>S.</strong></span> 
     </span>
    </p>
   </div>
   <div class='ocr_carea' id='block_1_5' title="bbox 55 739 1156 3231">
    <p class='ocr_par' dir='ltr' id='par_1_5' title="bbox 56 739 1144 1095">
     <span class='ocr_line' id='line_1_6' title="bbox 56 739 1144 828; baseline -0.009 -18"><span class='ocrx_word' id='word_1_20' title='bbox 56 762 71 810; x_wconf 94' lang='lat'>1</span> <span class='ocrx_word' id='word_1_21' title='bbox 148 743 192 807; x_wconf 84' lang='lat' dir='ltr'><strong>Et</strong></span> <span class='ocrx_word' id='word_1_22' title='bbox 206 743 358 807; x_wconf 84' lang='lat' dir='ltr'>admones</span> <span class='ocrx_word' id='word_1_23' title='bbox 373 745 405 806; x_wconf 96' lang='lat' dir='ltr'><strong>et</strong></span> <span class='ocrx_word' id='word_1_24' title='bbox 419 763 524 828; x_wconf 87' lang='lat' dir='ltr'><strong>rogas,</strong></span> <span class='ocrx_word' id='word_1_25' title='bbox 546 745 584 806; x_wconf 92' lang='lat' dir='ltr'><strong>ut</strong></span> <span class='ocrx_word' id='word_1_26' title='bbox 604 740 777 826; x_wconf 80' lang='lat' dir='ltr'><strong>suscipiam</strong></span> <span class='ocrx_word' id='word_1_27' title='bbox 801 761 930 805; x_wconf 86' lang='lat' dir='ltr'><strong>causam</strong></span> <span class='ocrx_word' id='word_1_28' title='bbox 955 739 1113 806; x_wconf 76' lang='lat' dir='ltr'><strong>Corelliae</strong></span> <span class='ocrx_word' id='word_1_29' title='bbox 1132 760 1144 800; x_wconf 83' lang='lat'><strong>5</strong></span> 
     </span>
     <span class='ocr_line' id='line_1_7' title="bbox 91 829 1111 916; baseline -0.003 -20"><span class='ocrx_word' id='word_1_30' title='bbox 91 832 233 897; x_wconf 89' lang='lat' dir='ltr'><strong>absentis</strong></span> <span class='ocrx_word' id='word_1_31' title='bbox 263 835 375 897; x_wconf 87' lang='lat' dir='ltr'><strong>contra</strong></span> <span class='ocrx_word' id='word_1_32' title='bbox 413 829 445 895; x_wconf 78' lang='lat' dir='ltr'><strong>O.</strong></span> <span class='ocrx_word' id='word_1_33' title='bbox 479 829 665 914; x_wconf 73' lang='lat' dir='ltr'><strong>Caecilium,</strong></span> <span class='ocrx_word' id='word_1_34' title='bbox 703 831 868 895; x_wconf 87' lang='lat' dir='ltr'><strong>consulem</strong></span> <span class='ocrx_word' id='word_1_35' title='bbox 898 829 1111 916; x_wconf 90' lang='lat' dir='ltr'><strong>designatum.</strong></span> 
     </span>
     <span class='ocr_line' id='line_1_8' title="bbox 92 918 1112 1006; baseline -0.003 -20"><span class='ocrx_word' id='word_1_36' title='bbox 92 921 185 998; x_wconf 84' lang='lat' dir='ltr'><strong>Quod</strong></span> <span class='ocrx_word' id='word_1_37' title='bbox 208 921 370 1004; x_wconf 79' lang='lat' dir='ltr'><strong>admones,</strong></span> <span class='ocrx_word' id='word_1_38' title='bbox 393 919 512 1006; x_wconf 80' lang='lat' dir='ltr'><strong>gratias</strong></span> <span class='ocrx_word' id='word_1_39' title='bbox 537 941 608 1006; x_wconf 86' lang='lat' dir='ltr'><strong>ago,</strong></span> <span class='ocrx_word' id='word_1_40' title='bbox 636 919 723 1003; x_wconf 93' lang='lat' dir='ltr'><strong>quod</strong></span> <span class='ocrx_word' id='word_1_41' title='bbox 746 941 851 1006; x_wconf 89' lang='lat' dir='ltr'><strong>rogas,</strong></span> <span class='ocrx_word' id='word_1_42' title='bbox 875 941 1000 1003; x_wconf 89' lang='lat' dir='ltr'><strong>queror.</strong></span> <span class='ocrx_word' id='word_1_43' title='bbox 1047 918 1112 983; x_wconf 80' lang='lat' dir='ltr'><strong>Ad-</strong></span> 
     </span>
     <span class='ocr_line' id='line_1_9' title="bbox 91 1009 1113 1095; baseline -0.002 -21"><span class='ocrx_word' id='word_1_44' title='bbox 91 1011 216 1074; x_wconf 89' lang='lat' dir='ltr'><strong>moneri</strong></span> <span class='ocrx_word' id='word_1_45' title='bbox 239 1009 325 1074; x_wconf 91' lang='lat' dir='ltr'><strong>enim</strong></span> <span class='ocrx_word' id='word_1_46' title='bbox 349 1009 460 1092; x_wconf 88' lang='lat' dir='ltr'>debeo,</span> <span class='ocrx_word' id='word_1_47' title='bbox 491 1012 528 1073; x_wconf 91' lang='lat' dir='ltr'><strong>ut</strong></span> <span class='ocrx_word' id='word_1_48' title='bbox 560 1009 668 1092; x_wconf 89' lang='lat' dir='ltr'><strong>sciam,</strong></span> <span class='ocrx_word' id='word_1_49' title='bbox 699 1010 809 1095; x_wconf 88' lang='lat' dir='ltr'><strong>rogari</strong></span> <span class='ocrx_word' id='word_1_50' title='bbox 835 1030 903 1073; x_wconf 95' lang='lat' dir='ltr'><strong>non</strong></span> <span class='ocrx_word' id='word_1_51' title='bbox 935 1009 1044 1092; x_wconf 83' lang='lat' dir='ltr'>debeo,</span> <span class='ocrx_word' id='word_1_52' title='bbox 1075 1012 1113 1072; x_wconf 95' lang='lat' dir='ltr'><strong>ut</strong></span> 
     </span>
    </p>

    <p class='ocr_par' dir='ltr' id='par_1_6' title="bbox 55 1097 1156 1361">
     <span class='ocr_line' id='line_1_10' title="bbox 55 1097 1113 1183; baseline -0.005 -17"><span class='ocrx_word' id='word_1_53' title='bbox 55 1099 223 1183; x_wconf 75' lang='lat' dir='ltr'><strong>alaciam,</strong></span> <span class='ocrx_word' id='word_1_54' title='bbox 248 1099 334 1182; x_wconf 94' lang='lat' dir='ltr'><strong>quod</strong></span> <span class='ocrx_word' id='word_1_55' title='bbox 358 1098 440 1162; x_wconf 92' lang='lat' dir='ltr'><strong>mihi</strong></span> <span class='ocrx_word' id='word_1_56' title='bbox 462 1119 529 1162; x_wconf 95' lang='lat' dir='ltr'><strong>non</strong></span> <span class='ocrx_word' id='word_1_57' title='bbox 560 1098 664 1163; x_wconf 89' lang='lat' dir='ltr'><strong>facere</strong></span> <span class='ocrx_word' id='word_1_58' title='bbox 694 1098 919 1182; x_wconf 89' lang='lat' dir='ltr'><strong>turpissimum</strong></span> <span class='ocrx_word' id='word_1_59' title='bbox 950 1101 1006 1162; x_wconf 93' lang='lat' dir='ltr'><strong>est.</strong></span> <span class='ocrx_word' id='word_1_60' title='bbox 1060 1097 1113 1161; x_wconf 89' lang='lat' dir='ltr'><strong>An</strong></span> 
     </span>
     <span class='ocr_line' id='line_1_11' title="bbox 91 1186 1156 1274; baseline -0.006 -22"><span class='ocrx_word' id='word_1_61' title='bbox 91 1210 152 1274; x_wconf 88' lang='lat' dir='ltr'><strong>ego</strong></span> <span class='ocrx_word' id='word_1_62' title='bbox 175 1189 260 1253; x_wconf 89' lang='lat' dir='ltr'><strong>tueri</strong></span> <span class='ocrx_word' id='word_1_63' title='bbox 284 1186 402 1253; x_wconf 80' lang='lat' dir='ltr'><strong>Corelli</strong></span> <span class='ocrx_word' id='word_1_64' title='bbox 433 1187 535 1251; x_wconf 88' lang='lat' dir='ltr'><strong>filiam</strong></span> <span class='ocrx_word' id='word_1_65' title='bbox 568 1186 736 1252; x_wconf 77' lang='lat' dir='ltr'><strong>dubitem?</strong></span> <span class='ocrx_word' id='word_1_66' title='bbox 781 1186 842 1251; x_wconf 80' lang='lat' dir='ltr'><strong>Est</strong></span> <span class='ocrx_word' id='word_1_67' title='bbox 875 1187 955 1250; x_wconf 90' lang='lat' dir='ltr'><strong>mihi</strong></span> <span class='ocrx_word' id='word_1_68' title='bbox 982 1187 1156 1271; x_wconf 82' lang='lat' dir='ltr'><strong>quidemn</strong></span> 
     </span>
     <span class='ocr_line' id='line_1_12' title="bbox 92 1275 1112 1361; baseline -0.003 -19"><span class='ocrx_word' id='word_1_69' title='bbox 92 1300 166 1342; x_wconf 90' lang='lat' dir='ltr'><strong>oum</strong></span> <span class='ocrx_word' id='word_1_70' title='bbox 189 1278 269 1360; x_wconf 90' lang='lat' dir='ltr'><strong>isto,</strong></span> <span class='ocrx_word' id='word_1_71' title='bbox 292 1280 404 1342; x_wconf 90' lang='lat' dir='ltr'><strong>contra</strong></span> <span class='ocrx_word' id='word_1_72' title='bbox 428 1298 523 1360; x_wconf 93' lang='lat' dir='ltr'><strong>quem</strong></span> <span class='ocrx_word' id='word_1_73' title='bbox 547 1299 598 1341; x_wconf 89' lang='lat' dir='ltr'><strong>me</strong></span> <span class='ocrx_word' id='word_1_74' title='bbox 623 1275 768 1358; x_wconf 85' lang='lat' dir='ltr'><strong>advocas,</strong></span> <span class='ocrx_word' id='word_1_75' title='bbox 791 1297 858 1340; x_wconf 94' lang='lat' dir='ltr'><strong>non</strong></span> <span class='ocrx_word' id='word_1_76' title='bbox 875 1277 972 1361; x_wconf 85' lang='lat' dir='ltr'><strong>plane</strong></span> <span class='ocrx_word' id='word_1_77' title='bbox 995 1275 1112 1340; x_wconf 86' lang='lat' dir='ltr'><strong>famili-</strong></span> 
     </span>
    </p>

    <p class='ocr_par' dir='ltr' id='par_1_7' title="bbox 56 1364 1156 1717">
     <span class='ocr_line' id='line_1_13' title="bbox 56 1364 1113 1451; baseline -0.003 -19"><span class='ocrx_word' id='word_1_78' title='bbox 56 1385 71 1433; x_wconf 86' lang='lat'><strong>3</strong></span> <span class='ocrx_word' id='word_1_79' title='bbox 91 1369 163 1450; x_wconf 89' lang='lat' dir='ltr'><strong>aris,</strong></span> <span class='ocrx_word' id='word_1_80' title='bbox 179 1367 233 1431; x_wconf 87' lang='lat' dir='ltr'><strong>sed</strong></span> <span class='ocrx_word' id='word_1_81' title='bbox 252 1370 361 1431; x_wconf 90' lang='lat' dir='ltr'><strong>tamen</strong></span> <span class='ocrx_word' id='word_1_82' title='bbox 380 1365 530 1432; x_wconf 89' lang='lat' dir='ltr'><strong>amicitia.</strong></span> <span class='ocrx_word' id='word_1_83' title='bbox 576 1364 711 1431; x_wconf 82' lang='lat' dir='ltr'><strong>Accedit</strong></span> <span class='ocrx_word' id='word_1_84' title='bbox 728 1366 793 1430; x_wconf 89' lang='lat' dir='ltr'><strong>huo</strong></span> <span class='ocrx_word' id='word_1_85' title='bbox 812 1365 952 1451; x_wconf 74' lang='lat' dir='ltr'><strong>dignitas</strong></span> <span class='ocrx_word' id='word_1_86' title='bbox 971 1366 1113 1430; x_wconf 90' lang='lat' dir='ltr'><strong>hominis</strong></span> 
     </span>
     <span class='ocr_line' id='line_1_14' title="bbox 91 1454 1113 1539; baseline -0.002 -19"><span class='ocrx_word' id='word_1_87' title='bbox 91 1461 187 1539; x_wconf 87' lang='lat' dir='ltr'><strong>atque</strong></span> <span class='ocrx_word' id='word_1_88' title='bbox 210 1456 265 1520; x_wconf 91' lang='lat' dir='ltr'><strong>hic</strong></span> <span class='ocrx_word' id='word_1_89' title='bbox 288 1456 366 1539; x_wconf 86' lang='lat' dir='ltr'><strong>ipse,</strong></span> <span class='ocrx_word' id='word_1_90' title='bbox 391 1455 443 1520; x_wconf 89' lang='lat' dir='ltr'><strong>oui</strong></span> <span class='ocrx_word' id='word_1_91' title='bbox 467 1455 644 1519; x_wconf 89' lang='lat' dir='ltr'><strong>destinatus</strong></span> <span class='ocrx_word' id='word_1_92' title='bbox 669 1457 732 1537; x_wconf 85' lang='lat' dir='ltr'><strong>est,</strong></span> <span class='ocrx_word' id='word_1_93' title='bbox 754 1455 874 1536; x_wconf 85' lang='lat' dir='ltr'><strong>honor3</strong></span> <span class='ocrx_word' id='word_1_94' title='bbox 903 1454 994 1519; x_wconf 91' lang='lat' dir='ltr'><strong>cuius</strong></span> <span class='ocrx_word' id='word_1_95' title='bbox 1017 1454 1113 1518; x_wconf 88' lang='lat' dir='ltr'><strong>nobis</strong></span> 
     </span>
     <span class='ocr_line' id='line_1_15' title="bbox 90 1543 1112 1629; baseline -0.003 -20"><span class='ocrx_word' id='word_1_96' title='bbox 90 1546 154 1609; x_wconf 89' lang='lat' dir='ltr'><strong>hoc</strong></span> <span class='ocrx_word' id='word_1_97' title='bbox 172 1544 275 1609; x_wconf 90' lang='lat' dir='ltr'><strong>maior</strong></span> <span class='ocrx_word' id='word_1_98' title='bbox 298 1544 422 1629; x_wconf 89' lang='lat' dir='ltr'><strong>agenda</strong></span> <span class='ocrx_word' id='word_1_99' title='bbox 445 1544 624 1608; x_wconf 86' lang='lat' dir='ltr'><strong>reverentia</strong></span> <span class='ocrx_word' id='word_1_100' title='bbox 647 1547 709 1626; x_wconf 90' lang='lat' dir='ltr'><strong>est,</strong></span> <span class='ocrx_word' id='word_1_101' title='bbox 732 1543 819 1627; x_wconf 91' lang='lat' dir='ltr'><strong>quod</strong></span> <span class='ocrx_word' id='word_1_102' title='bbox 842 1544 907 1607; x_wconf 92' lang='lat' dir='ltr'><strong>iam</strong></span> <span class='ocrx_word' id='word_1_103' title='bbox 925 1544 983 1607; x_wconf 89' lang='lat' dir='ltr'><strong>illo</strong></span> <span class='ocrx_word' id='word_1_104' title='bbox 1007 1543 1112 1608; x_wconf 85' lang='lat' dir='ltr'><strong>functi</strong></span> 
     </span>
     <span class='ocr_line' id='line_1_16' title="bbox 92 1632 1156 1717; baseline -0.002 -19"><span class='ocrx_word' id='word_1_105' title='bbox 92 1653 211 1698; x_wconf 90' lang='lat' dir='ltr'><strong>sumus.</strong></span> <span class='ocrx_word' id='word_1_106' title='bbox 257 1632 413 1696; x_wconf 87' lang='lat' dir='ltr'><strong>Naturale</strong></span> <span class='ocrx_word' id='word_1_107' title='bbox 437 1637 486 1697; x_wconf 93' lang='lat' dir='ltr'><strong>est</strong></span> <span class='ocrx_word' id='word_1_108' title='bbox 509 1634 607 1716; x_wconf 89' lang='lat' dir='ltr'><strong>enim,</strong></span> <span class='ocrx_word' id='word_1_109' title='bbox 631 1636 668 1696; x_wconf 96' lang='lat' dir='ltr'><strong>ut</strong></span> <span class='ocrx_word' id='word_1_110' title='bbox 692 1654 742 1716; x_wconf 87' lang='lat' dir='ltr'><strong>ea,</strong></span> <span class='ocrx_word' id='word_1_111' title='bbox 772 1655 853 1717; x_wconf 90' lang='lat' dir='ltr'><strong>quae</strong></span> <span class='ocrx_word' id='word_1_112' title='bbox 882 1633 953 1716; x_wconf 91' lang='lat' dir='ltr'><strong>quis</strong></span> <span class='ocrx_word' id='word_1_113' title='bbox 978 1633 1113 1716; x_wconf 88' lang='lat' dir='ltr'><strong>adeptus</strong></span> <span class='ocrx_word' id='word_1_114' title='bbox 1133 1649 1156 1692; x_wconf 73' lang='grc' dir='ltr'><strong>ιε</strong></span> 
     </span>
    </p>

    <p class='ocr_par' dir='ltr' id='par_1_8' title="bbox 56 1720 1156 2254">
     <span class='ocr_line' id='line_1_17' title="bbox 56 1720 1114 1806; baseline -0.003 -18"><span class='ocrx_word' id='word_1_115' title='bbox 56 1742 72 1789; x_wconf 82' lang='grc'>4</span> <span class='ocrx_word' id='word_1_116' title='bbox 92 1726 154 1806; x_wconf 89' lang='lat' dir='ltr'><strong>est,</strong></span> <span class='ocrx_word' id='word_1_117' title='bbox 177 1722 246 1805; x_wconf 92' lang='lat' dir='ltr'><strong>ipse</strong></span> <span class='ocrx_word' id='word_1_118' title='bbox 270 1743 368 1805; x_wconf 92' lang='lat' dir='ltr'><strong>quam</strong></span> <span class='ocrx_word' id='word_1_119' title='bbox 391 1720 590 1805; x_wconf 88' lang='lat' dir='ltr'><strong>amplissima</strong></span> <span class='ocrx_word' id='word_1_120' title='bbox 613 1721 790 1785; x_wconf 84' lang='lat' dir='ltr'><strong>existimari</strong></span> <span class='ocrx_word' id='word_1_121' title='bbox 812 1721 898 1786; x_wconf 83' lang='lat' dir='ltr'><strong>velit.</strong></span> <span class='ocrx_word' id='word_1_122' title='bbox 947 1720 1009 1786; x_wconf 81' lang='lat' dir='ltr'><strong>Sed</strong></span> <span class='ocrx_word' id='word_1_123' title='bbox 1032 1722 1114 1785; x_wconf 91' lang='lat' dir='ltr'><strong>mihi</strong></span> 
     </span>
     <span class='ocr_line' id='line_1_18' title="bbox 91 1809 1114 1896; baseline -0.002 -20"><span class='ocrx_word' id='word_1_124' title='bbox 91 1810 249 1896; x_wconf 87' lang='lat' dir='ltr'><strong>cogitanti</strong></span> <span class='ocrx_word' id='word_1_125' title='bbox 268 1811 454 1874; x_wconf 83' lang='lat' dir='ltr'><strong>adfuturum</strong></span> <span class='ocrx_word' id='word_1_126' title='bbox 478 1833 529 1874; x_wconf 94' lang='lat' dir='ltr'><strong>me</strong></span> <span class='ocrx_word' id='word_1_127' title='bbox 548 1809 666 1875; x_wconf 67' lang='lat' dir='ltr'><strong>(torelli</strong></span> <span class='ocrx_word' id='word_1_128' title='bbox 684 1810 769 1874; x_wconf 89' lang='lat' dir='ltr'><strong>filiae</strong></span> <span class='ocrx_word' id='word_1_129' title='bbox 790 1811 897 1875; x_wconf 90' lang='lat' dir='ltr'><strong>omnia</strong></span> <span class='ocrx_word' id='word_1_130' title='bbox 915 1811 978 1875; x_wconf 91' lang='lat' dir='ltr'><strong>ista</strong></span> <span class='ocrx_word' id='word_1_131' title='bbox 995 1811 1114 1896; x_wconf 85' lang='lat' dir='ltr'><strong>frigida</strong></span> 
     </span>
     <span class='ocr_line' id='line_1_19' title="bbox 92 1897 1113 1984; baseline 0.001 -21"><span class='ocrx_word' id='word_1_132' title='bbox 92 1904 124 1964; x_wconf 89' lang='lat' dir='ltr'><strong>et</strong></span> <span class='ocrx_word' id='word_1_133' title='bbox 154 1900 263 1964; x_wconf 86' lang='lat' dir='ltr'><strong>inania</strong></span> <span class='ocrx_word' id='word_1_134' title='bbox 292 1899 449 1964; x_wconf 86' lang='lat' dir='ltr'><strong>videntur.</strong></span> <span class='ocrx_word' id='word_1_135' title='bbox 510 1897 706 1964; x_wconf 75' lang='lat' dir='ltr'><strong>Obversatur</strong></span> <span class='ocrx_word' id='word_1_136' title='bbox 737 1900 838 1964; x_wconf 91' lang='lat' dir='ltr'><strong>oculis</strong></span> <span class='ocrx_word' id='word_1_137' title='bbox 869 1901 924 1964; x_wconf 85' lang='lat' dir='ltr'><strong>ille</strong></span> <span class='ocrx_word' id='word_1_138' title='bbox 954 1900 1016 1978; x_wconf 83' lang='lat' dir='ltr'><strong>vir,</strong></span> <span class='ocrx_word' id='word_1_139' title='bbox 1048 1922 1113 1984; x_wconf 91' lang='lat' dir='ltr'><strong>quo</strong></span> 
     </span>
     <span class='ocr_line' id='line_1_20' title="bbox 91 1989 1113 2075; baseline -0.002 -21"><span class='ocrx_word' id='word_1_140' title='bbox 91 1990 254 2054; x_wconf 91' lang='lat' dir='ltr'><strong>neminem</strong></span> <span class='ocrx_word' id='word_1_141' title='bbox 281 1992 367 2054; x_wconf 87' lang='lat' dir='ltr'><strong>aetas</strong></span> <span class='ocrx_word' id='word_1_142' title='bbox 394 1991 506 2053; x_wconf 88' lang='lat' dir='ltr'><strong>nostra</strong></span> <span class='ocrx_word' id='word_1_143' title='bbox 535 1989 726 2075; x_wconf 84' lang='lat' dir='ltr'><strong>graviorem,</strong></span> <span class='ocrx_word' id='word_1_144' title='bbox 757 1989 958 2072; x_wconf 80' lang='lat' dir='ltr'><strong>sanctiorem,</strong></span> <span class='ocrx_word' id='word_1_145' title='bbox 989 1989 1113 2053; x_wconf 89' lang='lat' dir='ltr'><strong>subtili·</strong></span> 
     </span>
     <span class='ocr_line' id='line_1_21' title="bbox 93 2078 1156 2163; baseline -0.007 -20"><span class='ocrx_word' id='word_1_146' title='bbox 93 2101 181 2144; x_wconf 91' lang='lat' dir='ltr'><strong>orem</strong></span> <span class='ocrx_word' id='word_1_147' title='bbox 212 2079 350 2162; x_wconf 91' lang='lat' dir='ltr'><strong>denique</strong></span> <span class='ocrx_word' id='word_1_148' title='bbox 380 2078 470 2160; x_wconf 83' lang='lat' dir='ltr'><strong>tulit3</strong></span> <span class='ocrx_word' id='word_1_149' title='bbox 501 2099 596 2161; x_wconf 90' lang='lat' dir='ltr'><strong>quem</strong></span> <span class='ocrx_word' id='word_1_150' title='bbox 628 2099 687 2163; x_wconf 91' lang='lat' dir='ltr'><strong>ego</strong></span> <span class='ocrx_word' id='word_1_151' title='bbox 721 2098 795 2142; x_wconf 85' lang='lat' dir='ltr'><strong>curn</strong></span> <span class='ocrx_word' id='word_1_152' title='bbox 826 2100 865 2142; x_wconf 84' lang='lat' dir='ltr'><strong>ex</strong></span> <span class='ocrx_word' id='word_1_153' title='bbox 902 2078 1156 2143; x_wconf 75' lang='lat' dir='ltr'><strong>admirationem</strong></span> 
     </span>
     <span class='ocr_line' id='line_1_22' title="bbox 93 2167 1113 2254; baseline 0 -23"><span class='ocrx_word' id='word_1_154' title='bbox 93 2168 226 2254; x_wconf 89' lang='lat' dir='ltr'><strong>diligere</strong></span> <span class='ocrx_word' id='word_1_155' title='bbox 251 2168 442 2251; x_wconf 80' lang='lat' dir='ltr'><strong>coepissem,</strong></span> <span class='ocrx_word' id='word_1_156' title='bbox 463 2167 549 2251; x_wconf 90' lang='lat' dir='ltr'><strong>quod</strong></span> <span class='ocrx_word' id='word_1_157' title='bbox 578 2167 705 2231; x_wconf 84' lang='lat' dir='ltr'><strong>evenire</strong></span> <span class='ocrx_word' id='word_1_158' title='bbox 734 2170 847 2231; x_wconf 88' lang='lat' dir='ltr'><strong>contra</strong></span> <span class='ocrx_word' id='word_1_159' title='bbox 879 2169 976 2250; x_wconf 89' lang='lat' dir='ltr'><strong>solet,</strong></span> <span class='ocrx_word' id='word_1_160' title='bbox 1009 2169 1113 2253; x_wconf 90' lang='lat' dir='ltr'><strong>magis</strong></span> 
     </span>
    </p>

    <p class='ocr_par' dir='ltr' id='par_1_9' title="bbox 57 2255 1115 2428">
     <span class='ocr_line' id='line_1_23' title="bbox 57 2255 1114 2341; baseline -0.002 -19"><span class='ocrx_word' id='word_1_161' title='bbox 57 2257 269 2324; x_wconf 78' lang='lat' dir='ltr'><strong>oadmiratus</strong></span> <span class='ocrx_word' id='word_1_162' title='bbox 302 2279 389 2338; x_wconf 90' lang='lat' dir='ltr'><strong>sum,</strong></span> <span class='ocrx_word' id='word_1_163' title='bbox 426 2260 599 2340; x_wconf 90' lang='lat' dir='ltr'><strong>postquam</strong></span> <span class='ocrx_word' id='word_1_164' title='bbox 635 2255 763 2341; x_wconf 91' lang='lat' dir='ltr'><strong>penitus</strong></span> <span class='ocrx_word' id='word_1_165' title='bbox 792 2256 944 2340; x_wconf 63' lang='lat' dir='ltr'><strong>inspexi„</strong></span> <span class='ocrx_word' id='word_1_166' title='bbox 982 2255 1114 2340; x_wconf 85' lang='lat' dir='ltr'><strong>Inspexi</strong></span> 
     </span>
     <span class='ocr_line' id='line_1_24' title="bbox 92 2345 1115 2428; baseline -0.001 -18"><span class='ocrx_word' id='word_1_167' title='bbox 92 2346 178 2410; x_wconf 90' lang='lat' dir='ltr'><strong>enim</strong></span> <span class='ocrx_word' id='word_1_168' title='bbox 196 2346 340 2428; x_wconf 90' lang='lat' dir='ltr'><strong>penitus:</strong></span> <span class='ocrx_word' id='word_1_169' title='bbox 363 2346 446 2409; x_wconf 91' lang='lat' dir='ltr'><strong>nihil</strong></span> <span class='ocrx_word' id='word_1_170' title='bbox 468 2345 523 2409; x_wconf 89' lang='lat' dir='ltr'><strong>ille</strong></span> <span class='ocrx_word' id='word_1_171' title='bbox 546 2367 565 2408; x_wconf 98' lang='lat' dir='ltr'><strong>a</strong></span> <span class='ocrx_word' id='word_1_172' title='bbox 594 2367 646 2409; x_wconf 94' lang='lat' dir='ltr'><strong>me</strong></span> <span class='ocrx_word' id='word_1_173' title='bbox 670 2348 842 2428; x_wconf 86' lang='lat' dir='ltr'><strong>secretum,</strong></span> <span class='ocrx_word' id='word_1_174' title='bbox 870 2368 937 2410; x_wconf 94' lang='lat' dir='ltr'><strong>non</strong></span> <span class='ocrx_word' id='word_1_175' title='bbox 964 2345 1115 2428; x_wconf 90' lang='lat' dir='ltr'><strong>ioculare,</strong></span> 
     </span>
    </p>

    <p class='ocr_par' dir='ltr' id='par_1_10' title="bbox 58 2433 1156 3052">
     <span class='ocr_line' id='line_1_25' title="bbox 58 2433 1113 2517; baseline -0.002 -16"><span class='ocrx_word' id='word_1_176' title='bbox 58 2455 160 2502; x_wconf 83' lang='lat' dir='ltr'><strong>onon</strong></span> <span class='ocrx_word' id='word_1_177' title='bbox 183 2434 310 2513; x_wconf 89' lang='lat' dir='ltr'><strong>serium,</strong></span> <span class='ocrx_word' id='word_1_178' title='bbox 333 2457 401 2500; x_wconf 94' lang='lat' dir='ltr'><strong>non</strong></span> <span class='ocrx_word' id='word_1_179' title='bbox 430 2433 532 2517; x_wconf 85' lang='lat' dir='ltr'><strong>triste,</strong></span> <span class='ocrx_word' id='word_1_180' title='bbox 560 2455 627 2498; x_wconf 95' lang='lat' dir='ltr'><strong>non</strong></span> <span class='ocrx_word' id='word_1_181' title='bbox 657 2435 787 2498; x_wconf 90' lang='lat' dir='ltr'><strong>laetum.</strong></span> <span class='ocrx_word' id='word_1_182' title='bbox 842 2433 1113 2500; x_wconf 80' lang='lat' dir='ltr'><strong>Adulescentulus</strong></span> 
     </span>
     <span class='ocr_line' id='line_1_26' title="bbox 93 2522 1156 2607; baseline 0 -19"><span class='ocrx_word' id='word_1_183' title='bbox 93 2546 192 2606; x_wconf 89' lang='lat' dir='ltr'><strong>eram,</strong></span> <span class='ocrx_word' id='word_1_184' title='bbox 217 2527 249 2587; x_wconf 89' lang='lat' dir='ltr'><strong>et</strong></span> <span class='ocrx_word' id='word_1_185' title='bbox 272 2524 337 2587; x_wconf 90' lang='lat' dir='ltr'><strong>iam</strong></span> <span class='ocrx_word' id='word_1_186' title='bbox 360 2524 440 2587; x_wconf 92' lang='lat' dir='ltr'><strong>mihi</strong></span> <span class='ocrx_word' id='word_1_187' title='bbox 463 2525 502 2589; x_wconf 91' lang='lat' dir='ltr'><strong>ab</strong></span> <span class='ocrx_word' id='word_1_188' title='bbox 528 2524 585 2588; x_wconf 90' lang='lat' dir='ltr'><strong>illo</strong></span> <span class='ocrx_word' id='word_1_189' title='bbox 608 2524 715 2588; x_wconf 90' lang='lat' dir='ltr'><strong>honor</strong></span> <span class='ocrx_word' id='word_1_190' title='bbox 738 2527 834 2607; x_wconf 90' lang='lat' dir='ltr'><strong>atque</strong></span> <span class='ocrx_word' id='word_1_191' title='bbox 854 2524 950 2589; x_wconf 89' lang='lat' dir='ltr'><strong>etiam</strong></span> <span class='ocrx_word' id='word_1_192' title='bbox 973 2522 1113 2607; x_wconf 88' lang='lat' dir='ltr'><strong>(audebo</strong></span> <span class='ocrx_word' id='word_1_193' title='bbox 1133 2538 1156 2578; x_wconf 75' lang='lat'><strong>2⁵</strong></span> 
     </span>
     <span class='ocr_line' id='line_1_27' title="bbox 93 2610 1115 2699; baseline 0 -23"><span class='ocrx_word' id='word_1_194' title='bbox 93 2610 211 2699; x_wconf 85' lang='lat' dir='ltr'><strong>dicere)</strong></span> <span class='ocrx_word' id='word_1_195' title='bbox 236 2615 414 2677; x_wconf 84' lang='lat' dir='ltr'><strong>reverentia</strong></span> <span class='ocrx_word' id='word_1_196' title='bbox 437 2617 473 2677; x_wconf 91' lang='lat' dir='ltr'><strong>ut</strong></span> <span class='ocrx_word' id='word_1_197' title='bbox 497 2614 623 2696; x_wconf 89' lang='lat' dir='ltr'><strong>aequali</strong></span> <span class='ocrx_word' id='word_1_198' title='bbox 645 2612 832 2679; x_wconf 79' lang='lat' dir='ltr'><strong>habebatur.</strong></span> <span class='ocrx_word' id='word_1_199' title='bbox 877 2611 937 2677; x_wconf 86' lang='lat' dir='ltr'><strong>llle</strong></span> <span class='ocrx_word' id='word_1_200' title='bbox 966 2634 1056 2677; x_wconf 90' lang='lat' dir='ltr'><strong>meus</strong></span> <span class='ocrx_word' id='word_1_201' title='bbox 1080 2614 1115 2677; x_wconf 94' lang='lat' dir='ltr'><strong>in</strong></span> 
     </span>
     <span class='ocr_line' id='line_1_28' title="bbox 92 2701 1114 2787; baseline -0.001 -20"><span class='ocrx_word' id='word_1_202' title='bbox 92 2702 239 2786; x_wconf 86' lang='lat' dir='ltr'><strong>petendis</strong></span> <span class='ocrx_word' id='word_1_203' title='bbox 262 2701 440 2766; x_wconf 88' lang='lat' dir='ltr'><strong>honoribus</strong></span> <span class='ocrx_word' id='word_1_204' title='bbox 465 2703 659 2787; x_wconf 87' lang='lat' dir='ltr'><strong>suffragator</strong></span> <span class='ocrx_word' id='word_1_205' title='bbox 683 2705 715 2766; x_wconf 94' lang='lat' dir='ltr'><strong>et</strong></span> <span class='ocrx_word' id='word_1_206' title='bbox 737 2702 838 2786; x_wconf 92' lang='lat' dir='ltr'><strong>testis,</strong></span> <span class='ocrx_word' id='word_1_207' title='bbox 861 2702 916 2766; x_wconf 88' lang='lat' dir='ltr'><strong>ille</strong></span> <span class='ocrx_word' id='word_1_208' title='bbox 944 2703 979 2764; x_wconf 95' lang='lat' dir='ltr'><strong>in</strong></span> <span class='ocrx_word' id='word_1_209' title='bbox 1004 2702 1114 2767; x_wconf 93' lang='lat' dir='ltr'><strong>incho-</strong></span> 
     </span>
     <span class='ocr_line' id='line_1_29' title="bbox 93 2791 1114 2876; baseline 0 -21"><span class='ocrx_word' id='word_1_210' title='bbox 93 2793 184 2856; x_wconf 90' lang='lat' dir='ltr'><strong>andis</strong></span> <span class='ocrx_word' id='word_1_211' title='bbox 209 2791 363 2855; x_wconf 90' lang='lat' dir='ltr'><strong>deductor</strong></span> <span class='ocrx_word' id='word_1_212' title='bbox 393 2795 425 2855; x_wconf 93' lang='lat' dir='ltr'><strong>et</strong></span> <span class='ocrx_word' id='word_1_213' title='bbox 457 2812 577 2870; x_wconf 89' lang='lat' dir='ltr'><strong>comes,</strong></span> <span class='ocrx_word' id='word_1_214' title='bbox 601 2791 656 2855; x_wconf 85' lang='lat' dir='ltr'><strong>illc</strong></span> <span class='ocrx_word' id='word_1_215' title='bbox 680 2791 714 2854; x_wconf 95' lang='lat' dir='ltr'><strong>in</strong></span> <span class='ocrx_word' id='word_1_216' title='bbox 744 2791 891 2876; x_wconf 85' lang='lat' dir='ltr'><strong>gerendis</strong></span> <span class='ocrx_word' id='word_1_217' title='bbox 923 2791 1114 2856; x_wconf 80' lang='lat' dir='ltr'><strong>consiliator</strong></span> 
     </span>
     <span class='ocr_line' id='line_1_30' title="bbox 93 2878 1114 2964; baseline 0.002 -21"><span class='ocrx_word' id='word_1_218' title='bbox 93 2885 124 2944; x_wconf 93' lang='lat' dir='ltr'><strong>et</strong></span> <span class='ocrx_word' id='word_1_219' title='bbox 147 2885 267 2963; x_wconf 88' lang='lat' dir='ltr'><strong>rector,</strong></span> <span class='ocrx_word' id='word_1_220' title='bbox 281 2880 336 2944; x_wconf 87' lang='lat' dir='ltr'><strong>ille</strong></span> <span class='ocrx_word' id='word_1_221' title='bbox 361 2880 496 2963; x_wconf 89' lang='lat' dir='ltr'><strong>denique</strong></span> <span class='ocrx_word' id='word_1_222' title='bbox 511 2878 550 2944; x_wconf 94' lang='lat' dir='ltr'><strong>in</strong></span> <span class='ocrx_word' id='word_1_223' title='bbox 560 2879 709 2944; x_wconf 89' lang='lat' dir='ltr'><strong>omnibus</strong></span> <span class='ocrx_word' id='word_1_224' title='bbox 725 2880 841 2944; x_wconf 89' lang='lat' dir='ltr'><strong>officiis</strong></span> <span class='ocrx_word' id='word_1_225' title='bbox 860 2880 989 2963; x_wconf 89' lang='lat' dir='ltr'><strong>nostris,</strong></span> <span class='ocrx_word' id='word_1_226' title='bbox 1003 2902 1114 2964; x_wconf 90' lang='lat' dir='ltr'><strong>quam-</strong></span> 
     </span>
     <span class='ocr_line' id='line_1_31' title="bbox 94 2969 1156 3052; baseline 0.001 -19"><span class='ocrx_word' id='word_1_227' title='bbox 94 2992 191 3052; x_wconf 89' lang='lat' dir='ltr'><strong>quam</strong></span> <span class='ocrx_word' id='word_1_228' title='bbox 215 2974 246 3033; x_wconf 92' lang='lat' dir='ltr'><strong>et</strong></span> <span class='ocrx_word' id='word_1_229' title='bbox 268 2969 449 3033; x_wconf 88' lang='lat' dir='ltr'><strong>imbecillus</strong></span> <span class='ocrx_word' id='word_1_230' title='bbox 473 2973 506 3033; x_wconf 89' lang='lat' dir='ltr'><strong>et</strong></span> <span class='ocrx_word' id='word_1_231' title='bbox 529 2970 644 3050; x_wconf 90' lang='lat' dir='ltr'><strong>senior,</strong></span> <span class='ocrx_word' id='word_1_232' title='bbox 668 2969 760 3052; x_wconf 90' lang='lat' dir='ltr'><strong>quasi</strong></span> <span class='ocrx_word' id='word_1_233' title='bbox 783 2969 907 3033; x_wconf 84' lang='lat' dir='ltr'><strong>iuvenis</strong></span> <span class='ocrx_word' id='word_1_234' title='bbox 932 2974 964 3034; x_wconf 89' lang='lat' dir='ltr'><strong>et</strong></span> <span class='ocrx_word' id='word_1_235' title='bbox 986 2970 1113 3034; x_wconf 84' lang='lat' dir='ltr'><strong>validus</strong></span> <span class='ocrx_word' id='word_1_236' title='bbox 1133 2982 1156 3022; x_wconf 66' lang='grc' dir='ltr'><strong>δῦ</strong></span> 
     </span>
    </p>

    <p class='ocr_par' dir='ltr' id='par_1_11' title="bbox 58 3057 1114 3231">
     <span class='ocr_line' id='line_1_32' title="bbox 58 3057 1114 3142; baseline -0.003 -18"><span class='ocrx_word' id='word_1_237' title='bbox 58 3058 357 3142; x_wconf 74' lang='lat' dir='ltr'><strong>tconspiciobatur.</strong></span> <span class='ocrx_word' id='word_1_238' title='bbox 409 3057 572 3134; x_wconf 84' lang='lat' dir='ltr'><strong>Quantum</strong></span> <span class='ocrx_word' id='word_1_239' title='bbox 604 3059 659 3122; x_wconf 87' lang='lat' dir='ltr'><strong>ille</strong></span> <span class='ocrx_word' id='word_1_240' title='bbox 690 3057 795 3122; x_wconf 84' lang='lat' dir='ltr'><strong>famae</strong></span> <span class='ocrx_word' id='word_1_241' title='bbox 828 3080 917 3123; x_wconf 85' lang='lat' dir='ltr'><strong>meae</strong></span> <span class='ocrx_word' id='word_1_242' title='bbox 950 3059 1047 3142; x_wconf 90' lang='lat' dir='ltr'><strong>domi,</strong></span> <span class='ocrx_word' id='word_1_243' title='bbox 1079 3059 1114 3122; x_wconf 94' lang='lat' dir='ltr'><strong>in</strong></span> 
     </span>
     <span class='ocr_line' id='line_1_33' title="bbox 93 3146 1114 3231; baseline 0 -20"><span class='ocrx_word' id='word_1_244' title='bbox 93 3147 238 3231; x_wconf 86' lang='lat' dir='ltr'><strong>publicu,</strong></span> <span class='ocrx_word' id='word_1_245' title='bbox 272 3151 428 3230; x_wconf 89' lang='lat' dir='ltr'><strong>quantum</strong></span> <span class='ocrx_word' id='word_1_246' title='bbox 470 3148 566 3211; x_wconf 90' lang='lat' dir='ltr'><strong>etiam</strong></span> <span class='ocrx_word' id='word_1_247' title='bbox 608 3147 693 3231; x_wconf 90' lang='lat' dir='ltr'><strong>apud</strong></span> <span class='ocrx_word' id='word_1_248' title='bbox 725 3146 905 3231; x_wconf 89' lang='lat' dir='ltr'><strong>prinoipem</strong></span> <span class='ocrx_word' id='word_1_249' title='bbox 937 3149 1114 3212; x_wconf 83' lang='lat' dir='ltr'><strong>adstruxit!</strong></span> 
     </span>
    </p>
   </div>
   <div class='ocr_carea' id='block_1_6' title="bbox 57 3285 1114 3648">
    <p class='ocr_par' dir='ltr' id='par_1_12' title="bbox 164 3285 1114 3356">
     <span class='ocr_line' id='line_1_34' title="bbox 164 3285 1114 3356; baseline 0 -15"><span class='ocrx_word' id='word_1_250' title='bbox 164 3294 181 3341; x_wconf 88' lang='grc'>4</span> <span class='ocrx_word' id='word_1_251' title='bbox 206 3289 234 3343; x_wconf 81' lang='lat'><strong>0.</strong></span> <span class='ocrx_word' id='word_1_252' title='bbox 250 3289 351 3343; x_wconf 78' lang='lat' dir='ltr'><strong>Asinio</strong></span> <span class='ocrx_word' id='word_1_253' title='bbox 372 3287 454 3341; x_wconf 78' lang='lat' dir='ltr'><strong>Gallo</strong></span> <span class='ocrx_word' id='word_1_254' title='bbox 472 3286 487 3340; x_wconf 73' lang='grc'><strong>,9</strong></span> <span class='ocrx_word' id='word_1_255' title='bbox 505 3287 610 3356; x_wconf 75' lang='lat' dir='ltr'><strong>Staapt.</strong></span> <span class='ocrx_word' id='word_1_256' title='bbox 709 3291 725 3339; x_wconf 78' lang='grc' dir='ltr'>ὅ</span> <span class='ocrx_word' id='word_1_257' title='bbox 746 3285 805 3340; x_wconf 88' lang='lat' dir='ltr'><strong>abs.</strong></span> <span class='ocrx_word' id='word_1_258' title='bbox 825 3287 885 3342; x_wconf 85' lang='lat' dir='ltr'><strong>Cor.</strong></span> <span class='ocrx_word' id='word_1_259' title='bbox 905 3304 980 3342; x_wconf 88' lang='lat' dir='ltr'><strong>caus.</strong></span> <span class='ocrx_word' id='word_1_260' title='bbox 1000 3289 1114 3355; x_wconf 81' lang='lat' dir='ltr'><strong>Fpro,</strong></span> 
     </span>
    </p>

    <p class='ocr_par' dir='ltr' id='par_1_13' title="bbox 93 3357 1113 3427">
     <span class='ocr_line' id='line_1_35' title="bbox 93 3357 1113 3427; baseline -0.001 -14"><span class='ocrx_word' id='word_1_261' title='bbox 93 3359 153 3413; x_wconf 84' lang='lat' dir='ltr'><strong>Cor.</strong></span> <span class='ocrx_word' id='word_1_262' title='bbox 170 3357 229 3412; x_wconf 88' lang='lat' dir='ltr'><strong>abs.</strong></span> <span class='ocrx_word' id='word_1_263' title='bbox 245 3376 267 3412; x_wconf 90' lang='lat' dir='ltr'><strong>o.</strong></span> <span class='ocrx_word' id='word_1_264' title='bbox 283 3361 320 3426; x_wconf 82' lang='lat' dir='ltr'><strong>R,</strong></span> <span class='ocrx_word' id='word_1_265' title='bbox 339 3357 397 3412; x_wconf 90' lang='lat' dir='ltr'><strong>abs.</strong></span> <span class='ocrx_word' id='word_1_266' title='bbox 414 3374 489 3412; x_wconf 87' lang='lat' dir='ltr'><strong>caus.</strong></span> <span class='ocrx_word' id='word_1_267' title='bbox 505 3358 565 3413; x_wconf 79' lang='lat' dir='ltr'><strong>Cor.</strong></span> <span class='ocrx_word' id='word_1_268' title='bbox 580 3371 604 3412; x_wconf 80' lang='grc' dir='ltr'><strong>ς,</strong></span> <span class='ocrx_word' id='word_1_269' title='bbox 697 3363 730 3412; x_wconf 88' lang='grc'><strong>10</strong></span> <span class='ocrx_word' id='word_1_270' title='bbox 749 3358 863 3427; x_wconf 89' lang='lat' dir='ltr'><strong>quidem</strong></span> <span class='ocrx_word' id='word_1_271' title='bbox 883 3359 954 3412; x_wconf 88' lang='lat' dir='ltr'><strong>mihi</strong></span> <span class='ocrx_word' id='word_1_272' title='bbox 972 3360 1113 3425; x_wconf 87' lang='lat' dir='ltr'><strong>RFDa,</strong></span> 
     </span>
    </p>

    <p class='ocr_par' dir='ltr' id='par_1_14' title="bbox 92 3429 1114 3512">
     <span class='ocr_line' id='line_1_36' title="bbox 92 3429 1114 3512; baseline 0 -29"><span class='ocrx_word' id='word_1_273' title='bbox 92 3432 164 3498; x_wconf 72' lang='lat' dir='ltr'><strong>culp.</strong></span> <span class='ocrx_word' id='word_1_274' title='bbox 276 3437 309 3484; x_wconf 85' lang='lat'><strong>14</strong></span> <span class='ocrx_word' id='word_1_275' title='bbox 328 3430 439 3501; x_wconf 88' lang='lat' dir='ltr'><strong>agenda</strong></span> <span class='ocrx_word' id='word_1_276' title='bbox 458 3431 645 3512; x_wconf 52' lang='lat' dir='ltr'><strong>strupra,</strong></span> <span class='ocrx_word' id='word_1_277' title='bbox 664 3430 701 3484; x_wconf 91' lang='lat' dir='ltr'><strong>K.</strong></span> <span class='ocrx_word' id='word_1_278' title='bbox 717 3432 755 3484; x_wconf 91' lang='grc' dir='ltr'><strong>ΙΙ</strong></span> <span class='ocrx_word' id='word_1_279' title='bbox 770 3431 853 3499; x_wconf 78' lang='lat' dir='ltr'><strong>(disp.</strong></span> <span class='ocrx_word' id='word_1_280' title='bbox 869 3432 890 3484; x_wconf 91' lang='grc' dir='ltr'><em>Ι</em></span> <span class='ocrx_word' id='word_1_281' title='bbox 906 3435 961 3498; x_wconf 82' lang='lat'><strong>18),</strong></span> <span class='ocrx_word' id='word_1_282' title='bbox 980 3429 1114 3484; x_wconf 83' lang='lat' dir='ltr'><strong>habenda</strong></span> 
     </span>
    </p>

    <p class='ocr_par' dir='ltr' id='par_1_15' title="bbox 57 3500 1113 3648">
     <span class='ocr_line' id='line_1_37' title="bbox 57 3500 1113 3630; baseline 0.005 -81"><span class='ocrx_word' id='word_1_283' title='bbox 57 3500 436 3628; x_wconf 42' lang='lat' dir='ltr'><strong>ZZZVZAEILBFBW</strong></span> <span class='ocrx_word' id='word_1_284' title='bbox 455 3501 578 3630; x_wconf 65' lang='lat' dir='ltr'><strong>denupuc</strong></span> <span class='ocrx_word' id='word_1_285' title='bbox 597 3501 746 3571; x_wconf 79' lang='lat' dir='ltr'><strong>RFpru,</strong></span> <span class='ocrx_word' id='word_1_286' title='bbox 767 3502 838 3568; x_wconf 80' lang='lat' dir='ltr'><strong>otte,</strong></span> <span class='ocrx_word' id='word_1_287' title='bbox 857 3503 965 3568; x_wconf 74' lang='lat' dir='ltr'><strong>Mucll,</strong></span> <span class='ocrx_word' id='word_1_288' title='bbox 984 3518 1035 3556; x_wconf 82' lang='lat' dir='ltr'><strong>om.</strong></span> <span class='ocrx_word' id='word_1_289' title='bbox 1054 3502 1113 3555; x_wconf 81' lang='lat' dir='ltr'><strong>rell.</strong></span> 
     </span>
     <span class='ocr_line' id='line_1_38' title="bbox 221 3586 567 3648; baseline 0.006 -18"><span class='ocrx_word' id='word_1_290' title='bbox 221 3586 276 3622; x_wconf 78' lang='lat'><strong>10</strong></span> <span class='ocrx_word' id='word_1_291' title='bbox 404 3591 470 3643; x_wconf 77' lang='lat' dir='ltr'><strong>pa,</strong></span> <span class='ocrx_word' id='word_1_292' title='bbox 490 3593 528 3632; x_wconf 80' lang='lat' dir='ltr'><strong>cu</strong></span> <span class='ocrx_word' id='word_1_293' title='bbox 540 3592 567 3648; x_wconf 72' lang='lat' dir='ltr'><strong>p.</strong></span> 
     </span>
    </p>
   </div>
   <div class='ocr_carea' id='block_1_7' title="bbox 0 0 1209 3862">
    <p class='ocr_par' dir='ltr' id='par_1_16' title="bbox 0 0 1209 3862">
     <span class='ocr_line' id='line_1_39' title="bbox 0 0 1209 3862; baseline 0 0"><span class='ocrx_word' id='word_1_294' title='bbox 0 0 1209 3862; x_wconf 95' lang='lat' dir='ltr'><strong> </strong></span> 
     </span>
    </p>
   </div>
  </div>
 </body>
</html>
