2400 3862
114 200 154 263 10
552 194 691 248 uranu

110 360 313 441 haberemus,
337 363 387 441 ut,
411 358 498 440 quod
516 359 701 442 parentibus
722 358 869 439 dabatur,
894 360 927 421 et
945 357 1033 422 orbis
1058 379 1131 441 pro-

110 450 247 532 baretur,
270 449 490 530 honoremque
512 468 688 530 paucorum
717 447 813 512 ceteri
840 447 1000 529 patienter
1022 450 1055 511 et
1078 468 1132 511 ex·

59 554 91 601 13
110 542 275 620 pecterent
308 541 340 600 et
371 540 576 601 mererentur.
623 535 699 619 Sed,
732 540 768 601 ut
799 539 878 600 tunc
905 536 1130 601 communibus

111 629 213 710 magis
238 625 414 691 commodis
439 647 535 709 quam
559 625 702 709 privatae
725 625 894 689 iactantiae
913 625 1131 708 studebamus,

111 737 183 779 cum
208 716 418 779 intentionem
443 716 655 798 effectumque
684 714 824 778 muneris
846 715 951 778 nostri
973 715 1162 779 vellemuss

111 805 269 887 intellegi,
293 806 338 868 ita
360 825 446 868 nuno
470 804 503 867 in
526 805 650 868 ratione
674 802 788 868 edendi
806 824 961 884 veremur,
983 825 1024 867 ne
1046 803 1132 868 forte

111 915 176 956 non
208 895 344 957 aliorum
377 893 585 973 utilitatibus,
620 893 674 957 sed
702 890 851 976 propriae
877 892 967 956 laudi
995 892 1132 957 servisse

60 999 93 1045 14
113 982 286 1045 videamur.
323 981 491 1046 Praeterea
510 981 722 1065 meminimus,
742 985 862 1064 quanto
882 981 1002 1045 maiore
1021 983 1132 1046 animo

112 1071 290 1135 honestatis
312 1071 435 1135 fructus
459 1073 492 1134 in
516 1071 712 1135 conscientia
740 1093 836 1154 quam
864 1070 899 1134 in
925 1071 1012 1135 fama
1039 1092 1132 1155 repo·

112 1165 215 1223 natur.
262 1158 359 1243 Sequi
387 1161 471 1225 enim
500 1161 616 1244 gloria,
644 1182 711 1224 non
738 1160 845 1243 adpeti
874 1160 983 1242 debet,
1004 1181 1079 1242 neo,
1102 1161 1133 1225 si
1151 1182 1176 1221 ιο

112 1270 187 1313 casu
215 1249 323 1332 aliquo
351 1272 416 1313 non
440 1253 606 1332 sequatur,
628 1248 761 1333 idcirco,
785 1248 871 1332 quod
899 1249 1035 1333 gloriam
1063 1271 1133 1313 non

59 1356 91 1402 15
111 1338 240 1419 meruit,
269 1339 374 1402 minus
402 1340 573 1422 pulchrum
602 1343 658 1403 est.
706 1337 734 1402 Ii
761 1360 852 1420 rere,
880 1339 936 1421 qui
963 1338 1133 1402 benefacta

111 1449 168 1490 sua
191 1428 295 1491 verbis
315 1428 480 1511 adornant,
502 1450 569 1491 non
587 1428 658 1491 ideo
678 1428 868 1511 praedicare,
893 1428 969 1510 quia
986 1427 1133 1511 fecerint,

112 1517 166 1580 sed
190 1521 226 1580 ut
249 1517 481 1599 praedicarent,
505 1517 618 1581 fecisse
641 1518 822 1581 creduntur.
869 1514 931 1598 Sic,
956 1516 1042 1599 quod
1065 1538 1131 1580 ma-

111 1606 264 1690 gnificum
283 1606 440 1669 referente
459 1607 522 1669 alio
541 1605 664 1688 fuisset,
682 1606 763 1690 ipso,
783 1606 838 1689 qui
855 1608 1004 1691 gesserat,
1022 1627 1131 1670 recen·
1152 1628 1176 1668 u

111 1699 200 1758 sente
219 1696 370 1758 vanescit.
416 1693 572 1759 Homines
592 1695 687 1777 enim,
705 1717 777 1759 cum
796 1717 863 1759 rem
883 1693 1045 1759 destruere
1063 1717 1132 1760 non

111 1788 255 1865 possunt,
278 1784 483 1847 iactationem
506 1784 574 1847 eius
598 1784 769 1848 incessunt.
815 1781 874 1866 Ita,
897 1784 925 1847 si
944 1784 1066 1847 silenda
1084 1785 1130 1849 fe-

111 1873 204 1955 ceris,
232 1873 353 1936 factum
378 1873 497 1955 ipsum,
522 1872 549 1935 si
571 1871 730 1936 laudanda
752 1895 818 1937 non
842 1874 949 1956 sileas,
972 1873 1041 1956 ipse
1064 1875 1131 1938 cul·

59 1978 90 2026 16
111 1963 206 2043 paris.
265 1961 317 2024 Me
354 1983 428 2024 vero
466 1962 636 2044 peculiaris
674 1963 829 2044 quaedam
865 1962 1000 2046 impedit
1036 1964 1129 2028 ratio.

110 2050 238 2114 Etenim
261 2051 348 2114 hunc
370 2050 475 2133 ipsum
500 2072 677 2115 sermonem
696 2073 762 2115 non
781 2051 865 2134 apud
883 2053 1050 2134 populum,
1073 2053 1129 2117 sed
1149 2073 1176 2114 ao

110 2140 195 2221 apud
220 2140 406 2203 decuriones
429 2139 538 2221 habui,
561 2161 620 2204 nec
643 2141 676 2202 in
699 2141 881 2223 propatulo,
905 2140 959 2204 sed
979 2141 1129 2206 incuria.

58 2245 90 2291 17
110 2228 233 2291 Vereor
261 2250 346 2313 ergo,
377 2232 413 2292 ut
441 2229 483 2293 sit
511 2229 588 2292 satis
617 2250 810 2313 congruens,
841 2250 913 2294 cum
936 2229 971 2292 in
994 2230 1129 2296 dicendo

110 2317 363 2381 adsentationem
383 2317 473 2402 vulgi
491 2318 818 2402 acclamationemque
838 2317 1025 2402 defugerim,
1043 2342 1131 2386 nunc

111 2407 220 2469 eadem
254 2406 309 2469 illa
341 2407 480 2471 editione
513 2406 640 2489 sectari,
679 2428 815 2489 cumque
852 2408 978 2490 plebem
1015 2410 1139 2494 ipsam,

110 2496 162 2558 cui
193 2495 436 2577 consulebatur,
465 2496 575 2560 limine
606 2495 711 2561 curiae
742 2497 982 2580 parietibusque
1012 2498 1128 2563 discre-
1147 2519 1174 2559 as

110 2585 222 2666 verim,
260 2606 300 2647 ne
338 2607 434 2667 quarn
472 2585 505 2648 in
542 2585 679 2669 speciem
718 2586 902 2650 ambitionis
944 2586 1128 2672 inciderem,

110 2695 196 2737 nunc
219 2695 273 2737 eos
297 2674 407 2755 etiam,
432 2675 471 2736 ad
496 2696 576 2757 quos
600 2697 639 2738 ex
662 2697 793 2740 munere
815 2678 927 2740 nostro
951 2674 1034 2738 nihil
1057 2699 1128 2761 per-

109 2762 191 2826 tinet
214 2767 340 2846 praeter
364 2764 558 2846 exemplum,
584 2764 674 2828 velut
697 2764 792 2829 obvia
815 2764 1029 2828 ostentatione
1054 2787 1128 2830 con·

58 2866 90 2914 18
110 2852 243 2933 quirere.
289 2851 397 2916 Habes
436 2853 648 2917 cunctationis
686 2876 774 2917 meae
810 2874 934 2936 causas,
968 2853 1128 2936 obsequar

111 2944 219 3004 tamen
243 2941 377 3005 consilio
401 2946 471 3024 tu0,
499 2943 590 3006 cuius
618 2941 699 3006 mihi
722 2942 895 3006 auctoritas
919 2964 978 3025 pro
1001 2945 1126 3008 ratione
1145 2965 1173 3004 so

111 3030 239 3093 sufficit.
278 3030 366 3094 Vale.

182 3300 197 3345 2
219 3297 249 3346 et
268 3296 435 3362 oranra.
560 3301 591 3349 11
611 3259 728 3350 alterum
748 3311 803 3347 non
823 3295 893 3349 RF
898 3311 983 3363 pra,
1003 3312 1054 3349 om.
1070 3298 1129 3350 rell.

113 3371 146 3418 18
160 3364 304 3418 laudanda
318 3366 393 3432 quod
408 3383 465 3419 non
479 3367 630 3434 RFprc,
649 3367 748 3420 Muell.
812 3371 845 3419 22
860 3381 896 3419 ne
911 3367 948 3419 sit
963 3383 1013 3435 pr,
1028 3367 1127 3422 Octau.

109 3442 143 3490 28
170 3438 357 3490 ostentatione
384 3439 512 3505 Rch,
539 3438 619 3504 K.I,
645 3437 722 3503 Otto,
749 3439 856 3503 Muell,
885 3437 1081 3491 adsentatione
1107 3442 1134 3493 V

105 3526 174 3561 corr,
195 3526 230 3561 ea:
252 3509 418 3562 assentione
442 3510 512 3577 (M),
539 3510 576 3563 K.
593 3510 632 3562 II
651 3509 733 3576 (disp.
749 3510 770 3561 I
786 3512 843 3576 12),
866 3508 1056 3563 assentatione
1079 3524 1127 3564 rs

87 3580 126 3624 31
142 3579 274 3629 sufficiet
291 3582 336 3632 M
343 3581 373 3632 V
375 3594 397 3633 ς.
