2386 3840
111 154 178 220 352
549 147 694 203 cnm

112 336 239 399 quoque
262 313 388 380 abunde
411 315 527 379 misera
549 334 599 378 res
623 316 671 378 est
698 315 791 395 pater
819 312 898 380 filio
931 318 1029 382 solus
1049 318 1124 383 berc:

76 420 92 468 0
112 403 189 488 quid
212 405 239 468 si
263 404 451 469 coheredem
474 425 540 468 non
564 425 583 467 a
605 403 673 466 filio
702 401 869 484 accipiat?
919 404 1039 491 Adde,
1060 407 1126 492 quot

111 515 184 560 cum
208 493 300 559 divus
323 492 432 558 Nerva
454 493 625 575 sanxisset,
647 495 684 555 ut
706 491 741 555 in
759 494 915 575 paternis
936 496 1039 562 bonis
1061 497 1127 562 libri

110 583 299 650 necessitate
321 582 491 648 vicesimae
513 583 727 664 solverentur,
749 602 947 666 congruens
982 591 1055 652 ont
1080 609 1128 652 m

110 673 182 738 dem
202 672 427 737 inmunitatem
446 675 594 756 parentes
612 672 647 735 in
665 670 842 735 liberorum
865 672 975 740 bonis
999 677 1129 742 obtinus

76 761 175 828 vGur
198 762 283 827 enim
305 764 442 845 posteris
466 762 604 845 amplior
626 761 731 824 honor
757 780 857 842 quam
883 765 1076 832 maioribus
1094 767 1130 830 ba·

110 852 252 933 beretur,
282 872 377 916 curve
409 873 475 916 non
504 854 590 915 retro
621 871 749 934 quoque
778 858 974 919 recurreret
1007 857 1130 940 acquina

110 940 203 1026 [non]
227 941 359 1005 eadem?
399 941 449 1005 'Pu
473 939 616 1024 quidem,
640 936 768 1021 Caesar,
790 939 886 1005 illam
916 947 1131 1030 exceptionem

109 1031 289 1113 removisti,
318 1031 346 1095 si
376 1030 472 1094 modo
505 1029 591 1094 filius
623 1028 657 1092 in
686 1031 846 1113 potestate
878 1034 996 1114 patris
1029 1036 1132 1116 fuisset

109 1120 260 1202 intuitus,
283 1120 411 1204 opinor,
433 1119 498 1183 vim
522 1119 691 1204 legemque
718 1121 868 1201 naturae,
900 1142 995 1205 quae
1025 1140 1148 1209 semper

109 1210 144 1273 in
166 1209 292 1275 dicione
319 1212 489 1294 parentum
517 1229 585 1272 esse
612 1208 731 1272 liberos
760 1207 855 1271 iussit
882 1231 953 1277 nec
982 1215 1040 1279 uti
1068 1216 1134 1280 inter

109 1299 245 1383 pecudes
269 1300 315 1364 sio
337 1299 421 1363 inter
442 1297 588 1362 homines
611 1299 804 1380 potestatem
827 1301 861 1361 et
882 1297 1076 1384 imperium
1095 1327 1134 1368 va

55 1381 98 1452 39
108 1389 299 1453 lentioribus
323 1387 418 1453 dedit.
463 1386 533 1452 Nec
556 1408 631 1451 vero
655 1390 824 1451 contentus
848 1388 1005 1470 primurn
1032 1416 1134 1480 cogna

108 1478 206 1543 tionis
229 1476 364 1562 gradum
393 1476 563 1542 abstulisse
592 1476 762 1541 vicesimae
792 1477 979 1544 secundum
1016 1504 1134 1568 quoque

109 1567 227 1631 exemit
250 1567 412 1650 cavitque,
435 1569 472 1629 ut
494 1567 528 1629 in
547 1566 666 1630 sororis
684 1565 777 1630 bonis
795 1565 897 1630 frater
915 1572 954 1632 et
974 1574 1152 1638 0011111111

109 1656 217 1720 fratris
242 1678 345 1738 soror,
367 1660 466 1739 utque
490 1678 568 1720 avus
592 1659 624 1719 et
646 1656 718 1719 avia
740 1655 774 1718 in
797 1656 904 1739 neptis
928 1663 1135 1746 nepotisque,

72 1760 88 1808 2
108 1750 141 1809 et
159 1745 295 1809 invicem
311 1744 360 1808 illi
375 1749 576 1809 servarentur
590 1745 745 1809 inmunes.
782 1743 843 1809 His
858 1766 1009 1833 quoque,
1024 1753 1134 1835 quibus

107 1857 165 1918 per
196 1833 323 1898 Latium
356 1834 468 1899 civitas
499 1833 645 1898 Romana
676 1834 847 1917 patuisset,
876 1834 967 1901 idem
1003 1840 1135 1906 indulsit

109 1925 319 2006 omnibusque
342 1923 426 1988 inter
449 1945 482 1988 se
502 1923 730 2009 cognationum
753 1924 824 1988 iura
845 1927 1019 1992 commisit
1043 1930 1135 1995 simul

109 2018 141 2078 et
160 2014 279 2097 pariter
302 2016 335 2077 et
358 2035 445 2077 more
475 2015 621 2094 naturae,
651 2034 732 2096 quae
764 2014 887 2096 priores
917 2017 1094 2103 principes
1120 2035 1159 2083 ur

108 2104 244 2189 singulis
276 2104 384 2188 rogari
412 2103 591 2187 gestiebant
620 2106 780 2166 nontam
807 2106 1001 2186 praestandi
1030 2111 1134 2174 animo

72 2207 204 2275 aquam
227 2192 374 2277 negandi.
420 2192 471 2256 Ex
494 2214 558 2275 quo
578 2192 723 2277 intellegi
741 2195 861 2274 potest,
881 2199 1031 2274 quantae
1053 2199 1135 2265 beni·

109 2280 256 2367 gnitatis,
289 2281 401 2364 quanti
431 2281 563 2365 spiritus
592 2281 691 2345 fuerit
720 2302 846 2365 sparsas
876 2285 993 2367 atque,
1026 2292 1065 2353 ut
1096 2289 1136 2352 ita

108 2371 225 2453 dicam,
246 2371 368 2435 laceras
395 2371 591 2455 gentilitates
616 2371 767 2456 colligere
791 2374 887 2452 atque
910 2380 1091 2443 conectere
1108 2382 1137 2442 et

108 2460 199 2542 quasi
221 2461 345 2524 renasci
367 2460 490 2543 iubere,
509 2459 645 2542 deferre,
664 2460 750 2543 quod
769 2460 956 2545 negabatur,
976 2467 1083 2550 atque
1106 2467 1165 2531 ids

107 2552 267 2633 praestare
291 2550 429 2632 cunctis,
448 2550 533 2632 quod
557 2570 651 2633 saepe
670 2550 790 2636 singuli
808 2571 874 2613 non
892 2549 1137 2639 impetrassent,

107 2643 270 2722 postremo
295 2640 401 2722 ipsum
430 2639 491 2703 sibi
520 2639 641 2723 eripere
669 2642 719 2704 tot
746 2639 979 2704 beneficiorum
1013 2647 1136 2711 occasi·

107 2749 193 2810 ones,
207 2732 273 2792 tam
288 2749 489 2792 numerosam
510 2728 674 2814 obligandi
692 2728 936 2812 imputandique
952 2731 1137 2800 materiam.

72 2815 294 2903 clndignum,
317 2817 425 2900 oredo,
455 2818 484 2882 ei
512 2818 617 2882 visum
644 2818 683 2882 ab
711 2818 841 2882 homine
868 2817 949 2901 peti,
982 2825 1076 2902 quod
1106 2825 1137 2889 di

107 2905 276 2971 dedissent.
323 2905 422 2971 Soror
444 2906 520 2971 estis
544 2911 576 2971 et
598 2907 709 2991 frater,
728 2928 805 2971 avus
830 2910 862 2971 et
879 2911 1035 2990 nepotes:
1056 2914 1171 2997 quida

107 2998 156 3060 est
179 3018 273 3081 ergo,
297 3018 354 3061 cur
370 2997 504 3082 rogetis,
523 3000 561 3060 ut
579 2996 670 3061 sitis?
706 2997 807 3061 Vobis
827 2997 916 3080 estis,
936 2999 1057 3080 quibus
1075 3026 1136 3088 pro

107 3134 883 3263 attlttttiat>1t⁰n⁶³⁶⁹ttttlbc
920 3140 989 3262 111⁹]
997 3143 1136 3268 1ᾟὲἱῆ

108 3278 216 3343 Muell,
235 3249 341 3332 dorores
360 3279 448 3344 codd,
468 3279 559 3332 KH.
633 3278 685 3331 31*
702 3280 781 3334 vobis
801 3280 868 3333 estis
887 3250 936 3347 dui
955 3251 1045 3349 codd,
1065 3256 1134 3339 voli.5

107 3349 183 3404 estis.
199 3348 292 3413 Quid?
307 3351 344 3404 K.
355 3352 380 3416 1,
398 3348 461 3403 vob.
476 3350 552 3403 estis.
568 3348 678 3418 Quippe
694 3352 731 3405 K.
742 3353 784 3417 11,
803 3350 881 3404 vobis
897 3350 1025 3423 <ad>est
1039 3355 1064 3408 is
1078 3358 1133 3425 *qui

106 3421 218 3486 Bacbr,
237 3420 328 3474 Testis
346 3420 426 3475 vobis
445 3422 488 3474 est
506 3421 539 3486 is,
559 3421 608 3489 qui
626 3421 642 3474 ?
657 3424 763 3489 Mccll,
783 3423 861 3476 vobis
881 3422 960 3500 estis,
977 3425 1133 3501 qui<bus>

106 3509 169 3562 09οχ
183 3498 255 3547 reete
272 3493 385 3564 rcterpr.
401 3499 440 3550 est
454 3493 584 3564 Lipsius:
598 3490 640 3546 ‘ct
659 3495 723 3547 01111
741 3494 845 3558 fratrea
865 3498 890 3540 ct
902 3492 979 3540 nobes
993 3495 1070 3551 estis,
1084 3512 1145 3545 aaa

86 3566 180 3631 fiseo!
