2400 3862
133 180 198 247 104
567 176 715 232 ceum

96 341 371 407 atenacissimum
403 340 570 406 vinculum
601 363 729 406 morum
766 340 953 406 similitudo.
1009 338 1093 406 Sunt
1126 343 1154 407 ei

130 431 225 496 liberi
247 433 364 515 plures.
410 428 497 495 Nam
525 430 559 494 in
581 429 645 495 hoc
668 451 797 514 quoque
820 431 951 495 functus
966 433 1016 495 est
1038 432 1155 515 optimi

132 520 210 586 civis
235 519 358 602 officio,
382 519 469 604 quod
491 519 688 585 fecunditate
715 519 825 584 uxoris
849 520 939 605 large
961 519 1027 584 frui
1049 521 1156 585 voluit

132 632 169 674 eo
193 610 332 692 s'aeculo,
355 630 419 692 quo
440 609 603 693 plerisque
618 609 714 673 etiam
739 609 885 695 singulos
904 608 990 673 filios
1005 609 1154 676 orbitatis

112 699 275 784 praemia
297 719 411 783 graves
434 698 573 781 faciunt,
597 698 714 781 quibus
738 698 793 762 iiie
817 698 976 781 despectis
1000 699 1050 762 avi
1076 722 1187 782 quo-⁶

133 810 195 872 que
218 810 336 852 nomen
359 787 547 871 adsumpsit.
594 787 656 852 Est
678 788 764 852 enim
788 809 881 870 avus,
904 790 936 851 et
964 788 1094 871 quidem
1115 812 1155 853 ex

133 877 262 943 Saturio
285 876 404 960 Firmo,
429 899 524 961 quem
544 876 659 962 diliges
678 880 716 940 ut
739 897 809 962 ego,
832 877 860 942 si
878 879 916 940 ut
938 898 999 962 ogo
1018 878 1155 961 propius

96 982 113 1031 4
132 967 319 1050 inspexeris.
356 966 445 1031 Haec
465 987 503 1030 eo
524 965 699 1049 pertinent,
713 969 750 1030 ut
762 967 858 1049 scias,
873 988 969 1049 quam
980 966 1155 1050 copiosam,

133 1078 230 1140 quam
253 1076 457 1121 numerosam
482 1054 614 1118 domum
645 1076 710 1118 uno
738 1054 895 1119 beneficio
926 1055 969 1119 sis
994 1055 1156 1141 obligatu-

132 1166 201 1231 rus,
229 1146 269 1209 ad
302 1145 394 1228 quod¹
421 1144 596 1228 petendum
627 1148 704 1208 voto
736 1145 892 1228 primum,
922 1144 1037 1209 deinde
1066 1144 1154 1209 bono
1176 1175 1196 1214 ι,

98 1233 275 1318 equodam
303 1233 410 1299 omine
441 1233 637 1298 adducimur.
684 1231 843 1317 Optamus
873 1233 959 1297 enim
989 1233 1050 1297 tibi
1076 1235 1157 1298 omi-

132 1346 311 1408 namurque
334 1324 368 1388 in
397 1324 582 1407 proximum
614 1344 735 1386 annum
768 1323 985 1388 consulatum:
1017 1324 1063 1388 ita
1096 1345 1156 1388 nos

132 1415 269 1478 virtutes
298 1416 387 1495 tuae,
423 1413 470 1477 ita
499 1411 619 1477 iudicia
654 1411 811 1496 principis
849 1412 1001 1497 augurari
1030 1413 1155 1476 volunt.

98 1518 114 1566 6
134 1501 304 1567 Concurrit
327 1505 448 1585 autem,
469 1505 507 1566 ut
530 1502 573 1565 sit
591 1501 702 1565 eodem
721 1523 806 1566 anno
826 1503 976 1584 quaestor
996 1500 1156 1566 maximus

134 1614 173 1655 ex
194 1590 305 1655 liberis
339 1590 423 1674 Rufi,
456 1589 590 1655 Asinius
622 1590 756 1674 Bassus,
788 1590 913 1654 iuvenis
944 1587 1084 1676 (nescio,
1114 1613 1157 1655 an
1175 1619 1195 1658 1·

134 1680 252 1763 dicam,
276 1679 363 1763 quod
386 1702 437 1743 me
460 1684 553 1764 pater
576 1682 608 1743 et
631 1680 749 1744 sentire
772 1684 805 1744 et
828 1680 933 1744 dicere
957 1679 1055 1763 cupit,
1080 1680 1157 1744 adu·

100 1768 283 1833 slesoentis
302 1769 495 1834 verecundia
517 1767 617 1853 vetat)
642 1769 713 1853 ipso
732 1773 824 1853 patre
843 1769 965 1833 melior.
1011 1768 1156 1834 Difficile

135 1862 193 1941 est,
211 1862 248 1922 ut
262 1858 343 1922 mihi
366 1859 404 1923 de
419 1858 549 1922 absente
564 1858 674 1922 credas
688 1855 899 1944 (quamquam
919 1858 1046 1922 credero
1071 1860 1155 1922 soles

135 1945 267 2032 omnia),
286 1951 412 2011 tantum
427 1948 461 2011 in
479 1947 537 2011 iilo
556 1948 741 2030 industriae,
755 1947 937 2031 probitatis,
957 1946 1155 2030 eruditionis,

134 2037 268 2123 ingenii,
293 2037 403 2121 studii,
427 2037 600 2101 memoriae
615 2037 753 2120 denique
768 2058 849 2120 esso,
873 2039 1030 2121 quantum
1045 2058 1156 2121 exper·
1174 2063 1198 2104 so

99 2141 116 2189 8
135 2129 187 2190 tus
212 2127 363 2190 invenies.
409 2126 536 2191 VeHem
550 2130 617 2190 tam
632 2127 722 2190 ferax
736 2128 899 2191 saeculum
922 2125 1016 2190 bonis
1032 2125 1155 2190 artibus

133 2215 340 2298 haberemus,
368 2219 406 2279 ut
437 2215 564 2299 aliquos
587 2214 688 2280 Basso
721 2216 882 2299 praeferre
910 2214 1055 2280 deberes:
1085 2217 1154 2278 tum

135 2326 195 2390 ego
237 2308 268 2367 te
304 2305 428 2388 primus
471 2305 619 2369 hortarer
655 2326 898 2387 moneremque,
935 2303 1156 2369 circumferres

136 2395 247 2458 oculos
271 2415 308 2458 ac
337 2393 392 2458 diu
423 2394 615 2478 pensitares,
649 2416 744 2476 quem
774 2393 980 2478 potissimum
1010 2394 1156 2478 eligeres.

100 2481 230 2548 sNunc
253 2504 329 2546 vero
353 2520 397 2528 -
420 2484 475 2547 sed
498 2483 582 2547 nihil
604 2484 679 2547 volo
708 2483 747 2547 de
770 2483 873 2547 amico
897 2504 969 2546 meo
1000 2481 1156 2568 adrogan·
1174 2507 1199 2549 ss

135 2571 200 2636 tius
220 2571 346 2656 dicere,
377 2572 441 2637 hoc
470 2574 575 2637 solum
609 2572 697 2655 dico,
727 2572 861 2657 dignum
894 2594 962 2636 esse
998 2571 1156 2655 iuvenem,

136 2683 232 2746 quem
258 2682 346 2724 more
369 2661 529 2725 maiorum
553 2662 587 2724 in
609 2661 670 2725 filii
691 2663 801 2725 locum
825 2661 982 2725 adsumas.
1028 2659 1157 2724 Debent

136 2755 243 2816 autem
267 2749 426 2834 sapientes
450 2750 512 2814 viri
543 2755 581 2815 ut
612 2753 648 2814 tu
680 2752 761 2815 tales
795 2751 888 2833 quasi
918 2749 1039 2814 liberos
1072 2773 1091 2813 a
1123 2772 1157 2813 re

83 2857 117 2906 10
135 2840 266 2924 publica
289 2839 446 2923 accipere,
471 2841 581 2923 quales
605 2844 762 2903 enatura
785 2841 925 2904 solemus
946 2842 1066 2922 optare.
1095 2838 1157 2902 De·

136 2951 229 2994 corus
253 2929 314 2993 erit
336 2928 396 2992 tibi
427 2928 553 2993 consuli
581 2932 732 3012 quaestor
758 2932 849 3012 patre
877 2929 1055 3012 praetorio,
1083 2950 1157 3012 pro·
1175 2954 1195 2994 a.

135 3018 266 3103 pinquis
278 3017 510 3098 consularibus,
521 3017 638 3101 quibus
653 3017 772 3082 iudicio
788 3019 942 3102 ipsorum,
960 3038 1156 3100 quamquam

135 3108 394 3173 adulescentulus
418 3107 538 3190 adhuc,
557 3108 621 3170 iam
653 3109 762 3171 tamen
794 3107 932 3171 invicem
964 3110 1154 3170 ornamento

83 3214 115 3263 11
136 3201 191 3263 est.
238 3197 377 3261 Proinde
396 3198 527 3282 indulge
550 3196 699 3281 precibus
714 3197 803 3279 meis,
827 3196 1002 3279 obsequere
1018 3196 1155 3260 consilio

136 3290 168 3350 et
191 3290 264 3349 ante
292 3287 414 3369 omnia,
446 3287 474 3351 si
496 3287 648 3350 festinare
679 3285 804 3368 videor,
836 3286 981 3370 ignosce,
1013 3285 1155 3368 primum

208 3429 241 3477 18
266 3441 378 3493 quamq.
403 3424 546 3497 (amicis)
573 3442 609 3478 cr.
629 3424 842 3492 Reifferscheid,
869 3441 914 3490 qu.
941 3439 978 3476 cr.
1005 3423 1056 3477 sol.
1082 3439 1155 3476 omn.

99 3492 239 3606 brues),
257 3497 275 3545 t.
290 3497 374 3549 Boot.
439 3502 475 3551 34
493 3497 618 3567 primum
633 3529 667 3536 -
680 3513 708 3567 p.
720 3500 782 3565 105,
797 3501 811 3548 1
827 3495 929 3548 deinde
944 3495 1070 3562 RFra,
1086 3495 1157 3562 Ott0,

142 3559 218 3624 eall„
239 3579 293 3617 om.
314 3567 375 3621 rell.
