2400 3862
106 218 150 284 50
545 212 574 269 0.
593 171 692 267 111111

107 378 220 443 deinde
239 378 383 462 porticus
402 376 481 440 inD
500 377 626 442 litterae
646 377 891 442 similitudinem
907 377 1134 463 circumactae,

107 467 223 552 quibus
247 467 395 550 parvula,
418 467 472 530 sed
496 466 611 530 festiva
634 489 707 531 area
725 466 909 532 includitur.
950 467 1133 553 Egregium

106 558 167 621 hae
195 556 345 620 adversus
374 559 580 639 tempestates
607 557 860 639 receptaculum3
886 577 962 620 nam
986 559 1134 639 specula·

106 647 195 710 ribus
224 667 260 710 ac
289 645 520 731 multomagis
547 645 781 709 inminentibus
809 645 902 710 tectis
926 645 1131 711 muniuntur.

72 736 167 802 eldat
197 738 310 799 contra
339 733 459 798 medias
490 733 677 798 cavaedium
705 732 821 814 hilare,
851 756 928 798 mox
949 735 1132 801 triclinium

108 825 185 890 satis
213 823 398 908 pulchrum,
427 823 514 908 quod
541 823 576 886 in
602 823 680 888 litus
704 824 845 888 excurrit
868 844 919 907 ac,
947 823 1131 908 siquando

107 912 218 978 Africo
242 935 329 976 mare
356 913 532 996 impulsum
564 917 625 994 est,
655 913 766 977 fractis
794 911 858 977 iam
889 916 921 977 et
943 914 1131 978 novissimis

107 1002 259 1068 fluctibus
278 1001 392 1066 leviter
410 1001 559 1066 adluitur.
600 1000 751 1085 Undique
770 1003 879 1067 valvas
898 1006 954 1067 aut
972 1002 1131 1068 fenestras

107 1114 173 1157 non
192 1091 331 1155 minores
350 1091 452 1156 valvis
470 1090 569 1155 habet
587 1094 683 1176 atque
701 1092 747 1155 ita
766 1113 785 1155 a
801 1091 971 1173 lateribus,
990 1092 1131 1157 afronte

109 1181 200 1265 quasi
222 1181 285 1245 tria
308 1181 408 1245 maria
430 1184 629 1265 prospectat3
653 1204 672 1245 a
693 1185 786 1267 tergo
806 1180 1006 1264 cavaedium,
1029 1183 1130 1266 porti-

108 1293 195 1354 cum,
222 1293 342 1353 aream,
369 1270 530 1353 porticum
558 1291 684 1352 rursus,
711 1291 788 1334 mox
815 1269 946 1351 atrium,
974 1271 1074 1335 silvas
1100 1275 1131 1336 et

73 1380 89 1426 o
108 1361 303 1445 longinquos
332 1359 463 1443 respicit
491 1362 627 1423 montes.
673 1358 779 1423 Huius
803 1381 822 1423 a
844 1360 936 1424 laeva
958 1361 1131 1425 retractius

108 1451 205 1533 paulo
244 1449 428 1513 cubiculum
466 1452 514 1512 est
551 1449 708 1532 amplum,
746 1446 859 1512 deinde
892 1448 979 1512 aliud
1011 1450 1132 1533 minus,

109 1540 196 1622 quod
232 1539 333 1601 altera
369 1537 509 1601 fenestra
545 1537 688 1601 admittit
720 1538 892 1621 orientem,
928 1538 1131 1603 occidentem

109 1630 209 1691 altera
232 1627 363 1706 retinet,
391 1626 453 1690 hac
476 1630 508 1690 et
533 1626 700 1691 subiacens
725 1649 811 1690 mare
834 1627 964 1712 longius
989 1628 1132 1712 quidem,

74 1717 163 1783 ised
187 1716 329 1780 securius
352 1714 503 1779 intuetur.
544 1714 650 1780 Huius
674 1715 815 1781 cubiculi
837 1719 870 1780 et
889 1716 1023 1781 triclinii
1041 1718 1131 1782 illius

109 1806 236 1870 obiectu
260 1804 436 1868 includitur
457 1806 608 1890 angulus,
633 1806 688 1888 qui
707 1805 915 1888 purissimum
934 1807 1036 1870 solem
1056 1828 1131 1872 con-

108 1895 190 1959 tinet
213 1898 245 1958 et
268 1893 420 1958 accendit.
462 1893 534 1958 Hoc
556 1893 814 1975 hibernaculum‚
837 1896 900 1959 hoc
920 1894 1017 1959 etiam
1036 1917 1132 1981 gym-

108 1984 235 2049 nasium
266 2005 409 2047 meorum
440 1987 502 2066 est3
531 1983 577 2047 ibi
608 2004 718 2048 omnes
747 1984 843 2048 silent
866 1984 954 2048 venti
977 1985 1132 2068 exceptis,

110 2075 166 2157 qui
195 2073 343 2138 nubilum
373 2072 530 2136 inducunt
559 2076 591 2136 et
621 2094 781 2156 serenum,
812 2077 885 2137 ante
914 2095 1010 2157 quam
1034 2097 1131 2139 usum

74 2163 171 2231 31001
196 2163 344 2246 eripiunt.
385 2159 580 2226 Adnectitur
597 2163 716 2247 angulo
736 2162 922 2226 cubiculum
942 2162 975 2225 in
993 2161 1132 2246 hapsida

110 2256 292 2334 curvatum,
323 2252 409 2335 quod
439 2251 597 2315 ambitum
627 2251 705 2315 solis
735 2250 883 2315 fenestris
909 2252 1059 2317 omnibus
1084 2275 1131 2317 se·

110 2342 228 2425 quitur.
270 2339 389 2404 Parieti
411 2340 479 2405 eius
502 2340 536 2403 in
559 2339 774 2404 bibliothecae
798 2340 936 2423 speciem
955 2343 1131 2407 armarium

109 2432 264 2493 insertum
284 2433 345 2511 est,
369 2430 455 2513 quod
474 2450 540 2493 non
558 2429 711 2513 legendos
729 2429 844 2512 libros,
863 2429 917 2494 sed
935 2430 1130 2496 lectitandos

75 2541 90 2586 9
110 2519 204 2602 capit.
246 2516 409 2581 Adhaeret
432 2518 656 2582 dormitorium
676 2518 856 2582 membrum
875 2518 1013 2583 transitu
1031 2520 1131 2585 inter·

110 2611 247 2690 iacente,
275 2608 331 2689 qui
360 2629 533 2691 suspensus
562 2610 595 2671 et
621 2607 788 2671 tubulatus
817 2611 1007 2691 conceptum
1032 2631 1130 2693 vapo-

109 2722 177 2763 rem
207 2697 328 2762 salubri
357 2699 609 2779 temperamento
640 2698 705 2761 huc
734 2697 812 2761 illuc
839 2696 957 2782 digerit
980 2701 1013 2761 et
1035 2699 1130 2762 mini·

111 2791 199 2852 strat.
232 2785 369 2869 Reliqua
383 2807 457 2868 pars
472 2786 580 2850 lateris
592 2786 689 2850 huius
700 2807 865 2850 servorum
874 2786 1130 2871 libertorumque

110 2877 221 2941 usibus
255 2875 415 2939 detinetur
447 2874 609 2958 plerisque
642 2879 709 2939 tam
742 2874 885 2957 mundis,
916 2879 953 2939 ut
985 2877 1130 2962 accipere

58 2987 91 3035 10
110 2967 254 3049 hospites
284 2964 419 3048 possint.
465 2963 516 3027 Ex
546 2965 609 3028 alio
639 2967 739 3029 latere
768 2964 952 3029 cubiculum
976 2969 1025 3030 est
1048 2967 1130 3050 poli·

110 3057 285 3137 tissimum3
319 3053 431 3117 deinde
464 3055 515 3117 vel
548 3053 733 3118 cubiculum
767 3054 886 3138 grande
918 3056 971 3118 vel
1001 3055 1130 3121 modica

111 3143 250 3225 cenatio,
278 3164 359 3225 quae
383 3143 523 3227 plurimo
547 3144 629 3224 sole,
656 3144 796 3226 plurimo
820 3143 901 3206 mari
924 3145 1025 3228 lucet3
1053 3149 1130 3229 post

110 3234 194 3298 hanc
222 3233 405 3297 cubiculum
434 3254 507 3296 cum
530 3240 739 3315 procoetone,
767 3232 938 3296 altitudine
962 3234 1130 3319 aestivum,

183 3397 196 3444 1
221 3390 251 3443 in
271 3389 293 3443 Ο
312 3390 425 3444 litterae
444 3407 521 3458 pra.
614 3396 629 3442 3
653 3389 707 3443 hae
726 3390 830 3457 Pop,
851 3407 865 3443 e
885 3392 921 3457 R,
940 3392 1012 3446 haec
1031 3410 1057 3456 a,
1076 3410 1129 3447 om.

110 3463 146 3516 M
154 3464 229 3517 Vre.
329 3467 343 3513 7
364 3461 448 3514 simul
462 3478 515 3529 pro
534 3459 592 3514 iam
611 3462 688 3515 MV.
788 3467 821 3514 12
839 3463 977 3531 prospicit
996 3463 1074 3530 ?K.,
1093 3466 1129 3531 cf.

90 3538 256 3598 ,054111
380 3539 415 3587 17
436 3533 632 3603 plurissimum
654 3535 699 3602 D,
720 3533 874 3602 plurimum
898 3536 1070 3601 Mommsen„
1093 3535 1129 3602 cf.

83 3602 169 3662 mna
184 3603 203 3655 l
220 3608 267 3658 32.
287 3635 328 3645 —
346 3624 368 3660 a
386 3607 535 3675 Hosuclccr
549 3625 582 3678 p.
598 3611 643 3663 54.
718 3611 754 3660 82
771 3605 896 3676 plurimo
915 3605 975 3657 sole
992 3622 1044 3658 ora.
1057 3607 1134 3658 MV.
