2400 3862
534 189 562 246 G.
582 190 682 245 PLINI

574 359 642 418 XII.

351 467 381 518 C.
397 468 544 519 PLINIUS
563 468 725 520 ARRIANO
745 468 815 519 SUO
836 468 864 519 S.

61 591 73 636 1
168 568 373 652 Λιτούργιον
395 567 487 651 illud,
511 568 597 650 quod
621 590 787 671 superesse
811 566 894 633 Mari
917 567 1020 634 Prisci
1047 590 1131 633 cau-

96 679 148 721 sae
171 658 318 740 proxime
347 657 552 741 scripseram,
579 659 688 723 nescio
713 679 754 721 an
777 658 868 741 satis,
892 658 1121 723 circumcisum

60 753 202 814 atamen
226 752 258 810 et
281 746 428 811 adrasum
452 750 508 812 est
554 745 716 811 Firminus
740 746 950 812 inductusin
973 751 1118 812 senatum

94 836 261 918 respondit
284 836 410 900 crimini
432 842 519 900 noto.
569 834 703 901 Secutae
727 839 803 900 sunt
826 835 970 901 diversae
993 840 1118 901 senten·

94 926 157 987 tiae
190 926 359 988 consulum
389 925 642 1010 designatorum:
671 923 832 989 Cornutus
856 924 1020 990 Tertullus
1048 947 1119 991 cen·

95 1014 159 1076 suit
192 1014 302 1077 ordine
335 1015 544 1096 movendum,
576 1013 713 1078 Acutius
745 1014 854 1079 Nerva
886 1015 921 1079 in
949 1013 1118 1080 sortitione

94 1102 279 1184 provinciae
311 1104 470 1167 rationem
494 1103 561 1167 eius
585 1126 652 1168 non
683 1102 871 1167 habendam.
925 1101 1014 1180 Quae
1047 1126 1115 1169 sen·

94 1192 195 1255 tentia
218 1196 383 1274 tamquam
414 1192 524 1256 mitior
555 1192 645 1273 vicit,
678 1214 750 1257 cum
780 1193 822 1257 sit
852 1192 976 1276 alioqui
1006 1193 1159 1258 duriora

59 1281 289 1364 atristiorque.
341 1281 425 1357 Quid
462 1283 547 1346 enim
584 1282 731 1346 miserius
769 1303 865 1365 quam
902 1285 1050 1346 exectum
1088 1285 1119 1346 et

94 1375 279 1454 exemptum
302 1371 480 1435 honoribus
504 1371 672 1435 senatoriis
695 1371 805 1435 labore
829 1373 861 1434 et
884 1371 1034 1435 molestia
1051 1393 1119 1436 non

94 1459 223 1523 carere?
252 1460 328 1542 quid
357 1460 486 1544 gravius
516 1482 612 1542 quam
640 1464 730 1524 tanta
753 1459 931 1546 ignominia
953 1460 1117 1525 adfectum

92 1571 159 1612 non
182 1549 216 1611 in
239 1549 413 1612 solitudine
439 1549 551 1631 latere,
580 1549 634 1612 sed
662 1549 696 1612 in
722 1549 784 1613 hac
807 1549 964 1613 altissima
986 1551 1119 1632 specula

58 1658 74 1702 4
94 1637 357 1719 conspiciendum
377 1659 410 1701 se
430 1637 737 1720 monstrandumque
755 1637 930 1722 praebere?
953 1643 1119 1722 praeterea
1138 1658 1159 1701 1

95 1726 172 1808 quid
195 1725 323 1809 publice
347 1725 453 1790 minus
478 1730 533 1789 aut
557 1748 737 1811 congruens
767 1732 823 1791 aut
846 1727 997 1792 decorum
1022 1749 1119 1811 quum

93 1819 241 1879 notatum
274 1838 293 1878 a
325 1818 437 1879 senatu
469 1815 504 1878 in
537 1820 650 1879 senatu
682 1817 791 1880 sedere
814 1816 957 1900 ipsisque
985 1817 1067 1900 illis,
1100 1839 1118 1882 a

94 1906 210 1986 quibus
226 1904 268 1968 sit
286 1907 431 1986 notatus,
456 1905 599 1987 aequari,
623 1910 820 1968 summotum
839 1928 858 1969 a
876 1907 1118 1989 proconsulatu,

94 1994 169 2076 quia
193 2016 226 2058 se
250 1995 284 2057 in
302 1995 464 2079 legatione
483 1995 621 2077 turpiter
640 2000 790 2078 gesserat,
809 1994 848 2058 de
866 1994 1115 2078 proconsulibus

93 2084 233 2148 iudicare
261 2084 511 2166 damnatumque
540 2083 682 2146 sordium
710 2084 762 2146 vel
785 2083 936 2147 damnare
959 2083 1041 2148 alios
1064 2085 1117 2148 vel
1132 2102 1158 2148 st

58 2173 280 2237 aabsolvere?
309 2172 372 2237 Sed
400 2174 463 2237 boc
491 2173 639 2255 pluribus
662 2173 768 2235 visum
792 2177 848 2236 est.
894 2171 1116 2237 Numerantur

93 2262 178 2325 enirn
212 2263 402 2344 sententiae,
432 2284 500 2326 non
526 2261 758 2345 ponderantur3
788 2283 847 2324 nec
877 2261 964 2325 aliud
995 2262 1031 2325 in
1058 2284 1115 2346 pu·

92 2351 177 2413 blico
209 2352 343 2415 consilio
374 2356 481 2435 potest
510 2351 595 2433 fieri,
629 2350 661 2412 in
690 2371 754 2432 quo
787 2351 869 2413 nihil
897 2354 946 2413 est
972 2353 1040 2414 tam
1069 2351 1115 2415 in·

92 2440 224 2522 aequale
258 2461 354 2522 quam
387 2441 562 2523 aequalitas
596 2440 674 2521 ipsa.
720 2437 820 2522 Nam,
847 2461 920 2503 cum
944 2439 987 2502 sit
1009 2440 1116 2524 impar

56 2529 276 2610 oprudentia,
304 2551 362 2611 par
391 2530 535 2593 omnium
562 2529 612 2592 ius
643 2532 698 2592 est.
751 2526 890 2611 Implevi
917 2528 1114 2612 promissum
1131 2551 1152 2594 a

91 2617 271 2701 priorisque
309 2618 466 2701 epistulae
502 2619 600 2682 fidem
636 2619 774 2700 exsolvi,
812 2638 908 2701 quam
938 2639 978 2681 ex
1008 2619 1114 2701 spatio

91 2709 246 2790 temporis
278 2708 342 2769 iam
373 2708 530 2789 recepisse
560 2712 592 2771 te
617 2708 749 2793 collig03
779 2729 853 2770 nam
885 2710 917 2770 et
946 2706 1115 2772 festinanti

91 2800 123 2858 et
154 2796 302 2881 diligenti
325 2795 491 2859 tabellario
517 2796 602 2879 dedi3
632 2797 695 2860 nisi
723 2796 800 2877 quid
827 2795 1051 2877 impedimenti
1080 2797 1116 2860 in

56 2886 143 2947 tria
170 2908 284 2968 passus
313 2889 369 2949 est.
416 2884 503 2948 Tuae
530 2906 616 2949 nunc
639 2889 760 2968 partes,
789 2889 825 2947 ut
848 2885 989 2967 primum
1013 2885 1115 2968 illam,

90 2974 204 3038 deinde
233 2975 317 3038 hanc
347 2975 557 3038 remunereris
587 2975 718 3056 litteris,
748 2974 858 3056 quales
886 2974 982 3038 istinc
1010 2975 1115 3039 redire
1133 3000 1158 3040 so

90 3062 269 3126 uberrimae
293 3067 437 3145 possunt.
484 3062 572 3126 Vale.

162 3297 177 3343 3
201 3294 439 3346 ΛΙΤΟΤΡΓΙΟΝ
455 3293 492 3357 F,
516 3295 760 3346 ΛΙΠΟΤΡΤΙΟΝ
785 3293 823 3344 M
832 3291 869 3357 V,·
892 3292 926 3357 cf.
947 3292 985 3344 ad
1004 3296 1048 3357 11,
1066 3295 1113 3346 23.

92 3369 124 3415 16
151 3379 236 3429 quam
263 3363 325 3416 add.
351 3363 485 3428 Stcbard„
509 3364 546 3416 K.
561 3364 598 3416 11
620 3365 702 3430 (disp⁴
717 3365 738 3416 1
755 3380 783 3431 p.
805 3366 861 3429 16),
888 3365 984 3425 Mero,
1012 3364 1112 3418 Mucll.

90 3439 122 3486 17
143 3434 296 3487 notandum
316 3436 415 3502 RFp,
491 3440 523 3487 18
544 3437 573 3488 et
591 3442 655 3488 acte
674 3438 803 3488 summot.
824 3436 888 3488 add.
908 3435 983 3488 codd.
999 3441 1114 3502 praeter

86 3505 193 3568 aaa,
215 3506 296 3571 prob.
321 3506 369 3572 K„
393 3507 443 3560 del.
468 3507 573 3576 Stunpt.
683 3512 715 3558 21
741 3506 790 3559 sed
813 3506 865 3559 hoc
890 3522 940 3560 om.
965 3506 1033 3560 RF
1053 3507 1112 3573 for·

68 3579 147 3624 {aare
162 3582 240 3627 reeta
