2400 3862
132 194 174 261 66
569 190 711 247 crum

131 355 219 439 ipsos
246 354 347 420 libros
370 354 493 438 futura,
522 377 603 440 quae
630 360 663 420 te
690 376 757 419 non
783 358 911 420 tantum
934 354 975 420 ad
997 355 1155 441 legendos

131 466 201 529 eos,
227 466 338 509 verum
366 443 463 509 etiam
487 444 528 510 ad
551 444 656 510 simile
678 443 1056 527 aliquidelaborandum
1078 466 1156 528 pos·

132 539 207 599 sunt
230 533 454 599 aemulationis
478 533 617 598 stimulis
641 532 788 599 excitare.
834 533 923 599 Vale.

515 825 517 830 .
612 751 665 812 vr.

328 897 360 949 C.
375 897 523 948 PLINIUS
540 897 654 948 ANNIO
674 897 816 948 SEVERO
836 897 955 949 SUOS.
1175 914 1190 959 s

97 1043 109 1091 1
202 1033 255 1098 Ex
285 1032 477 1116 hereditate,
509 1054 591 1117 quae
623 1031 704 1097 mihi
736 1032 880 1117 obvenit,
914 1033 978 1097 emi
1005 1033 1157 1118 proxime

132 1121 335 1188 Corinthium
358 1122 488 1208 signum
511 1121 674 1187 modicum
698 1120 840 1206 quidem,
864 1121 920 1186 sed
942 1122 1098 1188 festivum
1122 1129 1158 1190 et

131 1234 330 1297 expressum,
358 1217 516 1296 quantum
544 1233 604 1297 ego
633 1211 736 1296 sapio,
765 1211 822 1295 qui
844 1210 982 1277 fortasse
1004 1212 1040 1277 in
1063 1214 1157 1278 omni
1185 1212 1193 1227 ⁴

130 1325 180 1386 re,
206 1302 241 1366 in
268 1302 329 1367 hac
357 1305 442 1367 certe
470 1321 626 1385 perquam
649 1301 802 1386 exiguum
825 1299 930 1385 sapio:
957 1301 1021 1366 hoc
1044 1306 1158 1367 tamen

95 1392 260 1477 asignum
290 1412 350 1476 ego
382 1411 510 1474 quoque
539 1390 702 1473 intellego.
747 1389 809 1454 Est
838 1389 925 1454 enim
946 1391 1071 1455 nudum
1094 1413 1196 1458 necu

131 1486 188 1546 aut
209 1481 298 1564 vitia,
322 1479 350 1544 si
373 1500 437 1562 qua
460 1484 544 1563 sunt,
568 1481 651 1545 celat
673 1483 730 1544 aut
746 1479 857 1543 laudes
872 1501 987 1562 parum
1002 1484 1157 1548 ostentat.

130 1570 271 1654 Effingit
300 1591 408 1633 senem
441 1573 594 1653 stantem3
624 1590 711 1652 ossa,
737 1567 890 1652 musculi,
916 1569 1021 1654 nervi,
1044 1593 1158 1655 venae,

130 1680 230 1743 rugae
253 1658 351 1722 etiam
373 1662 411 1721 ut
433 1657 586 1742 spirantis
605 1661 774 1741 apparent,
797 1657 862 1721 rari
885 1661 918 1722 et
936 1659 1085 1726 cedentes
1105 1681 1158 1726 ca-

130 1748 215 1832 pilli,
237 1748 304 1812 lata
322 1746 427 1830 frons,
445 1749 610 1812 contracta
627 1746 738 1830 facies,
757 1747 840 1811 exile
859 1747 994 1831 collum,
1011 1749 1160 1832 pendent

129 1837 255 1920 lacerti,
278 1835 418 1920 papillae
436 1835 554 1920 iacent,
577 1839 689 1900 venter
706 1837 852 1921 recessit3
875 1859 894 1900 a
912 1841 1004 1922 tergo
1024 1859 1196 1923 quoqneu

96 1927 241 1992 academ
270 1930 357 1989 aetas
384 1929 422 1989 ut
448 1949 468 1989 a
495 1928 596 2010 tergo.
641 1924 706 1990 Aes
729 1924 850 2009 ipsum,
879 1932 1035 2009 quantum
1057 1949 1157 1994 verus

131 2018 221 2082 color
243 2015 379 2097 indicat,
401 2018 492 2078 vetus
516 2019 549 2078 et
571 2013 754 2098 antiquum3
777 2014 856 2079 talia
879 2015 1016 2099 denique
1035 2016 1157 2103 omnia,

131 2110 168 2170 ut
191 2105 318 2189 possint
340 2103 501 2168 artificum
524 2104 635 2168 oculos
662 2107 784 2186 tenere,
807 2103 966 2170 delectare
989 2104 1158 2190 imperito·
1189 2114 1194 2119 '

96 2210 113 2257 4
132 2217 212 2259 rum.
260 2192 354 2270 Quod
382 2214 432 2256 me
461 2214 656 2276 quamquam
679 2193 878 2258 tirunculum
901 2193 1091 2260 sollicitavit
1114 2196 1157 2262 ad

131 2283 309 2349 emendum.
354 2281 431 2346 Emi
454 2286 575 2364 autem,
598 2303 666 2345 non
687 2284 725 2345 ut
746 2281 898 2346 haberem
922 2283 1010 2347 domi
1034 2281 1196 2371 (nequest

132 2373 217 2438 enim
240 2373 345 2436 ullum
369 2371 474 2436 adhuc
494 2368 698 2435 Corinthium
721 2370 809 2435 domi
827 2371 961 2458 habeo),
983 2394 1099 2439 verum
1117 2379 1157 2440 nt

131 2463 165 2526 in
188 2462 293 2545 patria
315 2463 427 2525 nostra
449 2459 567 2524 celebri
588 2461 662 2524 loco
686 2481 854 2544 ponerem,
881 2482 918 2526 ac
946 2462 1156 2545 potissimum

130 2551 166 2616 in
184 2549 271 2615 Iovis
296 2549 432 2633 templo;
454 2550 581 2613 videtur
599 2549 685 2613 enim
705 2549 839 2635 dignum
858 2551 994 2634 templo,
1018 2551 1156 2638 dignum

96 2656 112 2704 ὅ
132 2642 191 2705 deo
216 2640 343 2704 donum.
372 2638 422 2702 Tu
446 2660 536 2724 ergo,
559 2641 597 2702 ut
619 2639 703 2702 soles
727 2639 849 2722 omnia,
873 2660 953 2722 quae
977 2663 996 2704 a
1019 2663 1070 2706 me
1093 2642 1156 2707 tibi

131 2730 357 2816 iniunguntur,
392 2729 518 2812 suscipe
551 2727 635 2792 hanc
665 2749 784 2799 curam,
805 2733 839 2792 et
867 2727 931 2792 iam
961 2752 1049 2796 nunc
1079 2730 1155 2796 iube
1172 2746 1195 2790 u

131 2819 235 2884 basim
258 2818 341 2901 fieri,
364 2839 404 2881 ex
423 2838 487 2900 quo
506 2818 595 2882 voles
615 2839 787 2897 marmore,
807 2838 888 2900 quae
907 2840 1026 2883 nomen
1044 2842 1153 2885 meum

131 2908 333 2991 honoresque
363 2906 482 2990 capiat,
513 2906 540 2971 si
569 2906 630 2970 hos
661 2927 789 2989 quoque
821 2906 951 2991 putabis
981 2909 1154 2974 addendos.

97 3014 112 3061 6
131 2997 203 3083 Ego
228 2998 357 3082 signum
380 2996 501 3080 ipsum,
523 2998 560 3060 ut
582 2995 723 3079 primum
742 2996 894 3060 invenero
918 2997 1072 3082 aliquem,
1097 2999 1154 3083 qui
1178 2999 1187 3009 “’

131 3109 198 3151 non
221 3090 384 3172 gravetur,
419 3085 546 3149 mittam
569 3084 631 3148 tibi·
653 3085 706 3149 vel
729 3085 814 3168 ipse,
846 3086 933 3168 quod
956 3087 1073 3172 mavis,
1100 3087 1155 3153 ad·

131 3177 232 3240 feram
256 3197 390 3240 mecum.
417 3173 553 3238 Destino
573 3173 667 3256 enim,
691 3173 719 3238 si
732 3177 842 3239 tamen
860 3175 960 3240 officii
982 3177 1065 3241 ratio
1084 3199 1154 3262 per·
1171 3196 1196 3240 u

97 3282 111 3330 7
132 3265 263 3349 miserit,
282 3286 448 3330 excurrere
467 3263 540 3328 isto.
569 3260 704 3347 Gaudes,
723 3264 811 3347 quod
825 3286 875 3328 me
894 3268 1065 3330 venturum
1085 3288 1154 3331 esse

204 3447 220 3494 t
239 3441 331 3494 Annio
350 3457 384 3495 ec
401 3441 458 3495 solo
476 3441 513 3495 R.
606 3443 638 3491 15
657 3438 774 3492 recessit
796 3441 894 3493 venter
911 3441 1026 3508 Epora,
1052 3441 1152 3496 Mucll.

116 3517 157 3559 16
175 3514 303 3565 utente.
341 3513 457 3583 Aerugo
477 3528 526 3567 aes
545 3510 639 3580 ipsum
658 3510 737 3565 stam
756 3511 833 3566 Mus.
852 3511 941 3567 noea.
960 3512 1073 3568 XXIX
1089 3516 1152 3569 365.

99 3579 261 3646 291nagr's
285 3583 319 3650 Ιζ
337 3585 435 3640 maius
453 3603 479 3656 r,
499 3585 597 3641 maius
616 3584 662 3640 est
678 3600 708 3653 p.
