2400 3862
350 182 611 237 EPISTULARUM
628 181 668 236 IV
686 189 800 238 21-24.
1019 188 1081 253 111

60 346 151 412 buius
174 346 327 429 nequitia
353 347 630 432 sanguinariisque
658 346 825 412 sententiis
852 345 887 410 in
915 368 1084 414 commune

60 457 169 500 omnes
193 457 294 520 snper
317 456 428 500 cenam
450 436 681 519 loquebantur,
703 458 778 502 cum
800 437 870 520 ipse
892 435 1083 520 imperator:

61 523 160 602 ‘Quid
183 528 340 609 putamus
363 545 533 608 passurum
555 525 664 608 fuisse,
688 526 715 590 si
733 524 892 590 viveretl'
928 524 973 590 Et
995 525 1084 590 Man·

60 615 157 680 ricus:
182 612 380 679 ‘Nobiscum
403 612 552 679 cenaret?

41 734 50 774 r
117 702 270 788 Longius
303 701 382 786 abii,
411 703 516 767 libens
548 707 665 768 tamen
711 703 839 768 Placuit
869 725 975 790 agona
1002 704 1119 787 tollit

61 794 113 876 qui
132 813 243 856 mores
258 790 491 857 Viennensium
509 791 663 857 infecerat
680 796 717 857 ut
731 796 841 856 noster
858 793 912 858 hic
930 792 1083 858 omnium.
1111 810 1114 815 ·

60 881 143 947 Nam
174 880 410 946 Viennensium
439 881 519 945 vitia
547 881 633 945 intra
661 881 750 965 ipsos
779 881 935 966 residunt,
972 886 1085 948 nostra

60 971 122 1036 late
146 973 327 1056 vagantur,
349 975 449 1053 utque
471 971 507 1034 in
525 970 714 1054 corporibus
738 970 837 1035 sicin
859 971 994 1055 imperio
1014 993 1084 1058 gra·

60 1060 213 1125 sissimus
238 1063 287 1124 est
309 1060 454 1143 morbus,
478 1058 534 1143 qui
557 1082 576 1123 a
599 1060 704 1142 capite
727 1058 926 1123 diffimditur.
949 1059 1039 1126 Vale.

32 1267 49 1308 s
521 1243 633 1302 XXHL

239 1369 270 1420 Ο.
285 1370 432 1420 PLINIUS
451 1369 642 1420 POMPONIO
660 1368 773 1419 BASSO
794 1368 863 1419 SUO
884 1368 911 1421 S.

121 1487 278 1574 Magnam
313 1487 384 1571 cepi
422 1488 636 1572 voluptatem,
675 1508 749 1552 cum
789 1509 828 1551 ex
861 1487 1118 1554 communibusr

61 1578 173 1642 amicis
205 1576 345 1661 cognovi
376 1580 422 1660 te,
455 1580 492 1640 ut
521 1577 680 1660 sapientia
709 1581 765 1641 tua
795 1575 930 1662 dignum
960 1581 1023 1660 est,
1053 1583 1086 1643 et

61 1667 234 1751 disponere
267 1666 370 1730 otium
407 1669 439 1729 et
474 1666 571 1750 ferre,
608 1665 754 1730 habitare
791 1667 1015 1731 amoenissima
1053 1671 1110 1742 et¹

29 1774 148 1821 annno
171 1760 272 1838 terra,
294 1775 381 1819 nunc
404 1757 485 1818 mari
508 1777 625 1839 corpus
649 1755 784 1841 agitare,
813 1756 953 1819 multum
976 1756 1084 1839 dispu-

60 1849 143 1928 tare,
170 1846 312 1908 multum
341 1844 464 1927 audire,
494 1846 632 1909 multum
659 1846 819 1926 lectitare,
847 1865 985 1927 cumque
1013 1846 1084 1929 plu-

59 1935 180 1998 rimum
204 1934 300 2017 scias,
331 1933 447 1998 cotidie
470 1937 578 1997 tamen
601 1934 723 2017 aliquid
746 1933 918 1998 addiscere.
964 1930 1014 1997 Ita
1038 1947 1118 1997 sea

60 2045 192 2088 nescere
227 2026 355 2106 oportet
387 2024 507 2106 virum,
538 2023 594 2107 qui
625 2022 832 2108 magistratus
867 2021 1084 2105 amplissimos

60 2113 212 2199 gesserit,
247 2112 404 2176 exercitus
437 2112 555 2176 rexerit
584 2114 753 2195 totumque
784 2133 817 2174 se
847 2110 894 2173 rei
926 2110 1086 2194 publicae,

25 2206 160 2286 requam
198 2201 255 2264 diu
292 2200 436 2284 decebat,
472 2201 635 2266 obtulerit.
680 2200 766 2264 Nam
799 2203 831 2263 et
863 2198 968 2282 prima
1000 2200 1120 2264 vitaea

60 2295 211 2375 tempora
233 2293 267 2354 et
289 2291 394 2354 media
416 2290 552 2374 patriae,
575 2294 718 2354 extrema
735 2289 831 2353 nobis
850 2288 1014 2370 impertire
1034 2289 1085 2353 de-

59 2381 190 2463 bemus,
220 2383 258 2443 ut
287 2380 375 2463 ipsae
406 2380 494 2464 leges
518 2383 659 2462 monent,
693 2399 775 2460 quae
807 2378 961 2442 maiorem
992 2379 1084 2442 aunis

60 2471 128 2535 ctio
147 2468 296 2533 reddunt.
333 2467 468 2545 Quando
488 2469 569 2532 mihi
586 2468 707 2549 licebit,
726 2467 854 2550 quando
872 2489 930 2550 per
948 2471 1085 2532 aetatem
1104 2482 1121 2528 4

59 2559 237 2625 honestum
269 2558 329 2621 erit
356 2557 477 2621 imitari
504 2557 591 2626 istud
621 2556 856 2640 pulcherrimae
884 2556 1001 2640 quietis
1033 2578 1085 2620 ex-

21 2667 43 2710 e
60 2648 222 2732 emplum!
260 2648 387 2729 quando
423 2667 565 2711 secessus
598 2647 663 2710 mei
691 2666 758 2709 non
789 2645 928 2711 desidiae
958 2666 1086 2727 nomen,

59 2738 117 2802 sed
141 2736 387 2819 tranquillitatis
412 2735 582 2818 accipienti
628 2733 716 2800 Vale.

520 2919 628 2978 XXIV.

254 3045 284 3095 C.
299 3047 447 3097 PLINIUS
466 3046 577 3097 FABIO
596 3046 758 3097 VALENTI
778 3046 848 3097 SUO
869 3044 896 3094 S.

33 3170 36 3175 '
126 3163 278 3229 Proxime
316 3186 389 3229 cum
426 3165 511 3249 apud
547 3164 762 3229 centumviros
801 3163 850 3246 [in
883 3161 1119 3245 quadruplicil

18 3273 43 3314 so
61 3253 200 3337 indicio]
225 3253 389 3339 dixissem,
413 3254 513 3319 subiit
533 3253 714 3318 recordatio
738 3253 842 3338 egisse
866 3273 917 3315 me
939 3250 1088 3314 iuvenem

137 3430 230 3482 atum
240 3444 294 3498 pro
309 3445 372 3482 curn
386 3430 479 3498 Fpo,
495 3429 564 3485 Otto.
627 3429 687 3483 Set
700 3444 751 3482 cm.
767 3427 862 3494 emp.
926 3430 958 3478 17
974 3426 1087 3493 oportet

61 3501 114 3556 vir.
133 3501 177 3555 ita
196 3515 300 3554 senesc.
320 3501 357 3554 M
367 3502 428 3567 Vs·;
450 3501 485 3567 cf.
501 3501 556 3556 Cic.
576 3501 608 3554 de
626 3516 682 3554 aea.
697 3502 772 3565 &26
791 3496 876 3565 (Otto,
891 3497 1086 3566 Spriclacortcr

54 3590 90 3641 p.
100 3575 175 3637 317).
267 3571 344 3624 291'11
360 3571 460 3639 quadr.
470 3571 530 3629 iud.
541 3590 593 3631 om.
605 3571 680 3644 RF,
688 3571 774 3644 (lost,
787 3569 1025 3646 Stangl,tucuton
1039 3566 1104 3619 aar.
