2400 3862
111 208 153 272 48
548 204 576 260 o.
596 204 695 259 enm

58 389 90 437 11
111 370 196 453 quod
216 369 395 454 abruperat.
424 367 545 434 Iterum
560 370 695 452 clamor,
709 369 826 434 iterum
839 369 984 452 reticuit,
1007 374 1041 435 et
1060 373 1146 454 post·-

111 460 273 524 silentium
298 459 405 542 coepit
427 458 512 523 idem
535 460 640 523 tertio.
685 457 883 542 Novissime,
907 459 980 542 quis
1003 459 1146 542 diceret,

111 549 278 631 quaesivit.
306 547 510 631 Responsum
534 551 595 612 est:
629 546 809 612 ‘Licinius'
842 547 926 612 Tum
949 548 1146 614 intermissa.

58 655 90 702 12
111 659 206 702 causa
221 636 451 701 ‘Centumviri'
465 637 585 720 inquit,
599 635 679 702 ‘hoc
692 637 864 702 artificium
883 636 1004 721 periit’.
1039 636 1144 714 Quod

110 727 232 810 alioqui
255 726 358 810 perire
386 727 573 810 incipiebat,
603 747 677 790 cum
704 727 824 809 perisse
852 723 933 791 Afro
961 726 1145 812 videretur,

109 838 196 880 nunc
222 837 298 879 vero
331 837 432 899 prope
459 815 605 880 funditus
633 815 812 880 extinctum
839 818 872 879 et
900 837 1047 880 eversum
1076 822 1138 883 est.

109 904 213 968 Pudet
235 906 364 988 referre,
389 927 470 989 quae
497 927 595 989 quam
613 905 716 969 fracta
738 903 1003 988 pronuntiatione
1026 905 1137 971 dican

56 1012 89 1059 13
108 998 169 1076 tur,
194 994 311 1076 quibus
331 1016 427 1076 quam
446 995 558 1058 taetris
577 994 772 1059 clamoribus
790 993 1000 1078 excipiantur.
1038 993 1137 1060 Plau·

110 1106 163 1148 sus
191 1086 319 1147 tantum
347 1105 384 1148 ac
411 1083 520 1167 potius
551 1085 621 1148 sola
647 1084 797 1167 cymbala
823 1086 856 1147 et
882 1087 1040 1167 tympana
1067 1085 1134 1149 illis

109 1173 242 1237 canticis
266 1173 395 1237 desunt:
418 1173 560 1236 ululatus
584 1171 714 1256 quidem
738 1173 970 1259 (nequeenim
989 1173 1055 1238 alio
1079 1195 1136 1239 vo·

110 1263 224 1326 cabulo
248 1265 355 1346 potest
379 1262 516 1345 exprimi
538 1262 671 1327 theatris
695 1284 825 1346 quoque
848 1262 1000 1326 indecora
1023 1263 1135 1328 lauda·

56 1371 90 1418 14
109 1349 170 1436 tio)
204 1352 293 1437 large
326 1354 505 1435 supersunt.
559 1350 629 1415 Nos
661 1354 770 1416 tamen
802 1351 907 1415 adhuc
938 1354 970 1415 et
1006 1352 1134 1418 utilitas

107 1441 284 1504 amicorum
307 1443 339 1504 et
362 1441 444 1505 ratio
468 1441 580 1505 aetatis
606 1444 749 1504 moratur
771 1461 809 1505 ac
830 1440 961 1522 retinet3
983 1462 1135 1507 veremur

108 1531 208 1610 enim,
229 1552 270 1593 ne
293 1529 377 1593 forte
400 1551 466 1594 non
489 1531 547 1593 has
570 1529 778 1615 indignitates
801 1530 982 1613 reliquisse,
1007 1531 1067 1595 sed
1090 1533 1135 1596 la

107 1619 218 1682 borem
241 1618 363 1701 fugisse
385 1618 560 1684 videamur.
607 1617 724 1683 Sumus
742 1622 851 1684 tamen
869 1618 965 1683 solito
984 1621 1135 1704 rariores,

107 1706 193 1789 quod
216 1708 346 1771 initium
370 1711 419 1772 est
441 1707 600 1792 gradatim
624 1708 796 1773 desinendi.
842 1707 932 1773 Vale.

583 1874 647 1933 XV.

339 1982 370 2033 O.
385 1983 532 2034 PLINIUS
552 1982 763 2033 VALERIANO
782 1982 851 2034 SUO
871 1983 898 2033 S.

71 2103 84 2148 1
165 2081 235 2158 Quo
260 2081 355 2146 modo
374 2086 407 2146 te
429 2087 552 2147 veteres
576 2082 674 2146 Marsi
697 2081 769 2147 tui?
797 2081 981 2165 quomodo
1005 2085 1130 2167 emptio

106 2172 211 2234 nova?
257 2171 390 2237 Placent
414 2172 497 2258 agri,
520 2175 694 2255 postquam
712 2171 761 2235 tui
784 2171 862 2236 facti
877 2170 974 2236 sunt?
1005 2170 1131 2238 Rerum

105 2259 139 2322 id
158 2260 300 2344 quidem3
323 2261 407 2325 nihil
430 2262 515 2326 enim
539 2283 640 2342 aeque
664 2265 791 2346 gratum
815 2265 864 2325 est
882 2260 1005 2344 adeptis
1031 2282 1130 2344 quem

70 2368 86 2414 2
106 2351 416 2432 concupiscentibus.
449 2351 501 2415 Me
515 2349 646 2434 praedia
665 2353 808 2414 materna
826 2372 939 2434 parum
959 2351 1129 2417 commode

104 2441 256 2517 tractant,
281 2439 439 2504 delectant
462 2445 571 2504 tamen
593 2443 630 2503 ut
648 2442 804 2519 materna,
828 2444 861 2503 et
883 2439 1006 2521 alioqui
1029 2440 1129 2526 longa

104 2528 261 2610 patientia
291 2530 435 2592 occallui.
481 2529 612 2594 Habent
637 2529 725 2592 huno
751 2528 849 2592 finem
871 2527 1024 2592 adsiduae
1052 2550 1128 2612 que·

104 2618 215 2700 rellae,
238 2617 324 2699 quod
349 2619 440 2700 queri
462 2619 570 2702 pudet.
616 2616 704 2682 Vale.

577 2784 657 2844 XVI.

383 2892 412 2942 Ο.
429 2893 578 2944 PLINIUS
598 2894 711 2944 ANNIO
731 2893 799 2943 SUO
820 2893 847 2942 S.

69 3009 82 3056 1
163 2989 211 3053 Tu
241 2991 370 3073 quidem
398 3014 457 3075 pro
487 2997 592 3058 cetera
619 2997 675 3057 tua
704 2992 872 3079 diligentia
899 2993 1051 3057 admones
1075 3017 1126 3059 me

104 3079 269 3143 codicillos
292 3079 448 3164 Aciliani,
471 3084 527 3167 qui
551 3105 602 3147 me
625 3105 665 3147 ex
688 3087 778 3166 parte
801 3083 943 3147 instituit
965 3082 1125 3169 heredem,

103 3190 162 3251 pro
193 3190 260 3232 non
290 3171 419 3255 scriptis
450 3171 629 3255 habendos,
660 3173 736 3256 quia
764 3194 831 3237 non
855 3171 920 3234 sint
943 3172 1146 3240 confirmatis

68 3261 311 3342 atestament03
344 3260 431 3344 quod
464 3261 514 3325 ius
546 3285 587 3326 ne
620 3262 700 3325 mihi
733 3263 862 3346 quidem
890 3264 1039 3348 ignotum
1068 3271 1126 3350 est,

174 3441 189 3488 3
214 3434 339 3489 Licinius
360 3449 418 3503 ας,
441 3436 585 3491 Licentius
607 3438 636 3492 R
656 3440 736 3506 (-en-
757 3440 789 3492 ia
808 3441 875 3506 ras.)
896 3440 952 3508 Fp
961 3459 985 3507 r,
1010 3439 1124 3496 Licinus

98 3508 140 3559 M
149 3507 218 3560 VD,
316 3512 332 3561 8
360 3508 460 3562 taetris
486 3510 625 3576 Mcmms,
650 3509 688 3563 K.
708 3511 757 3575 ΙΙ,
783 3511 892 3577 Maeli,
918 3512 1023 3566 teneris
1051 3516 1123 3584 vulp.

83 3577 227 3629 271411111'0
235 3579 338 3646 effa,
351 3581 463 3650 Calan,
477 3582 549 3652 Otto,
559 3582 694 3637 Anniano
710 3583 745 3636 M
758 3583 878 3650 VDps‚
888 3583 936 3648 K,
945 3583 1093 3637 emtam
1103 3603 1128 3639 s.
