2400 3862
111 192 176 258 236
306 253 307 258 Ν
547 189 575 244 c.
595 189 693 243 eninr

111 353 169 417 dor
191 354 225 416 in
248 375 282 417 re
305 353 407 436 inani,
429 353 547 439 frigida
575 353 706 418 adsidue
733 356 799 418 tam
827 354 1052 420 insatiabiliter
1081 356 1131 419 de-

110 442 226 525 sidere,
251 442 343 526 capio
366 443 509 527 aliquam
531 442 747 526 voluptatem,
771 445 858 526 quod
880 443 941 509 hac
964 444 1132 528 voluptate

75 547 91 594 4
110 553 176 596 non
199 532 316 614 capior.
364 530 413 596 Ac
431 554 489 615 per
506 532 566 597 hos
586 532 652 596 dies
671 531 883 598 libentissime
903 534 1005 598 otium
1024 555 1132 598 meum

109 621 144 684 in
162 621 278 685 litteris
299 621 432 686 conloco
438 670 447 703 ,
466 642 546 704 quos
566 621 621 685 alii
641 621 844 687 otiosissimis
866 622 1132 706 occupationibus

8 762 10 766 ,
110 710 256 793 perdunt.
303 708 393 774 Vale.
1155 729 1167 769 1

589 820 657 881 VH.

370 947 399 998 O.
416 947 563 998 PLINIUS
581 948 734 998 ROMANO
754 948 823 999 SUO
844 949 872 999 S.

77 1082 89 1127 1
177 1063 356 1130 Aedificare
374 1069 407 1129 te
426 1065 548 1130 scribis.
584 1064 672 1129 Bene
692 1069 753 1130 ost:
772 1066 880 1131 inveni
902 1067 1134 1150 patrocinium3

110 1153 243 1219 aedifico
263 1155 348 1218 enim
372 1155 436 1218 iam
459 1155 596 1238 rationo,
616 1155 692 1239 quia
709 1158 823 1220 tecum.
869 1153 955 1220 Nam
973 1155 1036 1221 hoc
1055 1178 1134 1239 quo-

111 1265 173 1326 que
196 1265 262 1308 non
286 1243 457 1328 dissimile,
482 1244 568 1326 quod
591 1244 631 1307 ad
655 1266 742 1308 mare
765 1247 815 1326 tn,
843 1266 903 1330 ego
933 1245 972 1308 ad
1001 1245 1133 1309 Larium
1153 1263 1177 1302 1⁰

75 1333 224 1397 alacum.
271 1331 377 1397 Huius
401 1333 553 1397 inlitora
576 1334 684 1416 plures
713 1333 808 1397 villae
835 1355 939 1418 meae,
967 1334 1022 1398 sed
1051 1334 1133 1399 duae

110 1422 248 1486 maxime
266 1424 304 1485 ut
322 1422 482 1487 delectant
500 1423 546 1486 ita
564 1425 720 1486 exercent.
746 1420 859 1486 Altera
877 1423 1029 1506 imposita
1047 1424 1133 1488 saxis

110 1533 199 1575 more
217 1510 340 1575 Baiano
358 1512 464 1576 lacum
483 1511 653 1595 prospicit,
667 1512 768 1576 altera
785 1533 886 1594 aeque
905 1534 993 1576 more
1009 1511 1133 1577 Baiano

74 1614 90 1661 3
109 1600 215 1663 lacum
235 1601 349 1684 tangit.
395 1600 507 1685 ltaque
526 1601 615 1664 illam
633 1600 846 1685 tragoediam,
868 1602 952 1666 hanc
970 1602 1134 1685 appellare

111 1688 310 1753 comoediam
334 1689 436 1771 soleo,
464 1689 569 1770 illam,
597 1689 683 1773 quod
712 1690 804 1773 qnasi
831 1690 1012 1773 cothurnis,
1039 1690 1177 1775 hanc,1⁵

111 1777 197 1861 quod
217 1778 309 1861 quasi
327 1778 465 1842 socculis
484 1779 669 1842 sustinetur.
716 1777 782 1843 Sua
800 1779 928 1862 utrique
947 1779 1135 1863 amoenitas,

75 1883 91 1928 4
111 1870 143 1930 ot
166 1869 302 1949 utraque
325 1867 503 1950 possidenti
526 1867 596 1950 ipsa
615 1866 801 1932 diversitate
819 1868 998 1933 iucundior.
1044 1867 1135 1934 Haec

110 1957 184 2020 lacu
206 1955 353 2039 propius,
376 1955 433 2019 illa
450 1956 547 2020 latius
566 1956 682 2038 utitur,
700 1957 779 2022 haec
797 1979 898 2022 unum
917 1958 1023 2021 sinum
1043 1958 1135 2022 molli

111 2046 296 2110 curvamine
319 2045 539 2128 amplectitur,
562 2045 619 2108 illa
642 2045 819 2111 editissimo
844 2047 939 2111 dorso
959 2046 1039 2111 duos
1059 2047 1134 2111 diri·

110 2134 183 2218 mit3
206 2135 274 2199 illic
296 2138 384 2199 recta
407 2134 544 2219 gestatio
567 2135 667 2220 longo
690 2135 794 2199 limite
812 2156 909 2219 super
928 2136 1006 2200 litus
1026 2139 1134 2201 orten-
1152 2155 1178 2194 2⁰

111 2223 210 2306 ditur,
241 2223 296 2288 hic
325 2223 559 2307 spatiosissimo
589 2227 683 2307 xysto
714 2224 829 2288 leniter
858 2224 1047 2308 inflectitur3
1077 2226 1134 2290 illa

111 2312 228 2376 fluctus
252 2335 318 2378 non
342 2314 453 2396 sentit,
475 2313 556 2378 haec
583 2313 718 2398 frangit3
746 2336 785 2377 ex
812 2314 870 2378 illa
896 2313 1000 2397 possis
1029 2314 1134 2398 despi-

112 2423 181 2465 cere
204 2402 379 2485 piscantes,
402 2424 442 2467 ex
464 2403 525 2467 hac
548 2403 626 2488 ipse
645 2402 763 2485 piscari
790 2403 985 2486 hamumque
1014 2403 1053 2468 de
1080 2425 1134 2470 cu·

110 2490 217 2554 biculo
242 2512 279 2555 ao
302 2512 402 2573 paene
426 2491 523 2556 etiam
547 2491 585 2556 de
608 2492 728 2556 lectulo
751 2496 788 2555 ut
812 2515 829 2556 e
849 2493 999 2556 navicula
1021 2492 1133 2558 iacere.

111 2578 181 2644 Hae
204 2579 285 2643 mihi
308 2601 421 2644 causae
444 2581 586 2664 utrique,
611 2602 692 2664 quae
720 2580 849 2663 desunt,
877 2581 1062 2646 adstruendi
1091 2582 1133 2647 ob
1153 2597 1177 2639 2⁶

76 2685 91 2731 c
112 2691 162 2752 ea,
185 2691 267 2752 quae
286 2675 466 2752 supersunt.
512 2668 575 2734 Sed
595 2670 672 2753 quid
691 2691 751 2755 ego
770 2669 928 2735 rationem
947 2670 1028 2734 tibi?
1047 2673 1135 2755 apud

112 2781 207 2842 quem
230 2779 289 2841 pro
314 2759 437 2822 ratione
461 2758 522 2822 erit
544 2759 629 2823 idem
652 2760 763 2823 facere.
810 2757 899 2823 Vale.

579 2924 663 2982 VIII.

353 3049 383 3099 C.
397 3050 544 3100 PLINIUS
564 3049 754 3100 AUGURINO
774 3049 843 3100 SUO
864 3050 891 3100 S.

78 3186 90 3230 1
179 3167 214 3231 Si
236 3169 385 3232 laudatus
409 3171 478 3231 ate
496 3168 627 3233 laudare
645 3172 677 3232 te
697 3189 846 3251 coepero,
864 3190 988 3252 vereor,
1008 3191 1048 3234 ne
1067 3193 1134 3235 non
1152 3188 1178 3228 to

111 3261 178 3320 tam
210 3258 353 3340 proferre
386 3257 539 3322 iudicium
577 3279 684 3322 meum
718 3279 814 3340 quam
846 3257 963 3322 referre
996 3259 1133 3343 gratiam

184 3439 198 3485 1
224 3431 344 3485 adsidua
367 3435 426 3487 tam
452 3431 656 3487 insatiabiliter
678 3433 764 3498 codd,
790 3432 872 3502 culp,
898 3432 1015 3487 adsidue
1038 3435 1059 3488 t.
1079 3434 1132 3489 ins.

97 3503 250 3569 obbaefes,
266 3504 438 3558 adsituitate
452 3506 511 3558 tam
527 3502 683 3558 insatiabili
699 3504 806 3570 Madv,
821 3504 916 3559 Maeli.
983 3509 1014 3558 21
1031 3503 1134 3560 leniter

82 3570 231 3640 lllomma,
250 3574 293 3628 K.
303 3578 358 3645 II,
382 3580 495 3648 Maeli,
514 3577 618 3635 leviter
636 3576 711 3668 culp.
801 3581 833 3630 ‘it
856 3577 892 3642 cf.
907 3577 1001 3630 lucau.
1014 3576 1059 3630 VI
1071 3581 1132 3634 223.
