2400 3862
108 194 171 260 118
541 188 571 244 c.
590 188 688 244 1111

107 352 362 438 aequissimum'.
386 349 532 417 Adhibui
554 352 590 417 in
613 353 784 418 consilium
807 352 903 436 duos,
936 374 1016 437 quos
1048 357 1128 418 tunc

107 445 221 509 civitas
244 446 357 508 nostra
371 441 624 526 spectatissimos
638 441 765 525 hahuit,
784 440 958 507 Corellium
982 447 1014 507 et
1027 442 1128 507 Fron-

72 550 87 598 0
107 533 221 597 tinum.
267 531 329 596 His
353 531 570 597 circumdatus
593 531 628 596 in
651 531 799 596 cubiculo
822 552 894 596 meo
914 531 989 597 sedi.
1036 531 1129 596 Dixit

109 621 279 704 Curianus,
304 642 384 704 quae
407 642 467 704 pro
491 641 525 685 se
548 620 691 705 putabat.
737 619 904 705 Respondi
925 620 1037 704 paucis
1066 643 1127 707 ego

108 708 226 796 (neque
250 710 336 774 enim
360 710 470 774 aderat
492 709 588 792 alius,
616 710 673 794 qui
696 709 865 775 defunctae
893 711 1050 793 pudorem
1077 715 1161 775 tue

107 796 241 883 eretur),
266 799 379 864 deinde
394 799 510 864 secessi
533 802 623 863 etex
642 799 768 864 consilii
787 799 946 864 sententia
965 798 1129 865 ‘Videtur'

107 890 255 972 inquam,
288 886 453 970 ‘Curiana
481 892 584 952 mater
613 891 670 953 tua
697 888 797 952 iustas
834 888 986 953 habuisse
1016 910 1127 953 causas

107 977 266 1043 irascendi
289 976 370 1041 tibi'
416 976 496 1041 Post
524 977 587 1042 hoc
610 977 665 1041 ille
696 998 769 1042 cum
792 977 905 1043 ceteris
938 977 1128 1062 subscripsit

73 1083 88 1130 1
108 1067 338 1133 centumvirale
361 1066 524 1150 iudicium,
547 1088 615 1130 non
628 1065 820 1151 subscripsit
838 1088 972 1132 mecum.
1022 1066 1128 1151 Adpe-

107 1156 196 1220 tebat
219 1155 330 1220 iudicii
352 1155 426 1220 dies.
474 1153 652 1220 Ooheredes
675 1155 739 1220 mei
762 1176 954 1240 componere
977 1159 1173 1221 ettrans·1u

108 1247 195 1331 igere
219 1244 393 1328 cupiebant
414 1265 481 1308 non
505 1243 685 1310 diffidentia
708 1266 836 1328 causae,
859 1245 914 1309 sed
944 1249 1032 1309 metu
1050 1249 1128 1309 tem-

108 1356 233 1418 porum.
279 1332 495 1415 Verebantur,
525 1333 612 1417 quod
642 1333 793 1398 videbant
825 1334 936 1398 multis
967 1334 1130 1417 accidisse,

72 1439 88 1487 8
108 1446 147 1488 ne
171 1446 211 1487 ex
225 1422 448 1487 centumvirali
470 1422 590 1487 iudicio
610 1423 724 1506 capitis
738 1424 785 1487 rei
804 1423 935 1488 exirent.
976 1424 1021 1488 Ilt
1040 1428 1130 1488 erant

109 1513 239 1595 quidam
264 1511 298 1574 in
323 1511 401 1593 illis,
425 1510 541 1594 quibus
570 1511 655 1577 obici
683 1516 716 1576 et
745 1510 898 1577 Gratillae
926 1513 1068 1578 amicitia
1098 1517 1131 1577 et

108 1601 233 1666 Rustici
257 1604 375 1684 posset.
421 1599 551 1686 Rogant
574 1616 640 1684 me,
666 1605 703 1666 ut
733 1623 806 1666 cum
837 1599 975 1666 Curiano
1005 1604 1129 1686 loquar.
1149 1624 1173 1665 rs

73 1706 88 1754 9
109 1688 324 1755 Convenimus
348 1690 382 1753 in
404 1689 515 1754 aedem
539 1687 742 1755 concordiae.
788 1688 838 1755 Ibi
857 1712 917 1776 ego
942 1689 993 1755 ‘Si
1011 1691 1129 1755 mater’

107 1779 240 1863 inquam
265 1778 311 1843 ‘te
335 1801 374 1843 ex
397 1783 488 1861 parte
517 1782 631 1863 quarta
654 1779 835 1864 scripsisset
856 1779 1022 1864 heredem,
1049 1803 1129 1844 num

109 1868 200 1952 queri
223 1867 358 1952 posses?
404 1866 488 1944 Quid
507 1868 535 1932 si
553 1868 701 1933 heredem
725 1868 854 1952 quidem
878 1869 1071 1934 instituisset
1090 1892 1130 1934 ex

108 1978 191 2042 asse,
215 1958 271 2023 sed
292 1958 408 2043 legatis
432 1957 478 2021 ita
501 1957 714 2038 exhausisset,
737 1961 774 2022 ut
795 1958 862 2022 non
881 1958 1020 2042 amplius
1044 1958 1131 2043 apud

64 2107 67 2113 ,
108 2051 140 2111 te
165 2069 261 2131 quam
285 2050 400 2131 quarta
413 2046 612 2111 remaneret?
657 2046 762 2132 Igitur
780 2046 928 2112 sufficere
947 2048 1008 2111 tibi
1027 2046 1131 2129 debet,
1150 2070 1173 2109 aa

109 2138 137 2200 si
160 2136 369 2201 exheredatus
393 2159 412 2200 a
435 2139 536 2200 matre
560 2139 707 2219 quartam
736 2140 861 2220 partem
889 2137 929 2201 ab
959 2137 1131 2202 heredibus

57 2241 90 2290 10
109 2225 177 2291 eius
202 2226 354 2309 accipias,
379 2247 475 2309 quam
498 2228 607 2290 tamen
630 2247 690 2312 ego
714 2226 849 2312 augebo.
903 2223 973 2291 Scis
1001 2231 1034 2292 te
1064 2249 1132 2292 non

110 2315 336 2398 subscripsisse
369 2321 494 2379 mecum
522 2318 555 2378 et
576 2315 640 2378 iam
676 2314 843 2380 biennium
879 2315 1032 2381 transisse
1065 2338 1131 2380 om-

109 2404 226 2487 niaque
250 2426 300 2468 me
324 2424 385 2468 usu
409 2403 538 2487 cepisse.
585 2401 648 2468 Sed
662 2408 700 2468 ut
713 2409 745 2469 te
769 2404 940 2470 coheredes
964 2405 1027 2469 mei
1050 2409 1131 2470 trac-

109 2493 292 2557 tabiliorem
321 2493 541 2577 experiantur,
569 2497 670 2576 utque
698 2494 759 2558 tibi
782 2494 865 2558 nihil
894 2494 1063 2559 abstulerit
1085 2517 1133 2559 re·
1151 2517 1173 2557 a

57 2599 89 2648 11
109 2582 252 2646 verentia
275 2583 351 2662 mei,
380 2583 479 2647 offero
502 2604 561 2667 pro
585 2605 656 2647 mea
683 2586 774 2668 parte
801 2583 1011 2648 tantundem?
1058 2582 1132 2647 Tuli

109 2671 252 2737 fructum
275 2693 341 2736 non
365 2672 579 2737 conscientiae
603 2673 713 2751 modo,
745 2695 856 2737 verum
890 2673 987 2737 etiam
1018 2673 1131 2737 famae.

109 2759 169 2825 Ille
201 2783 277 2847 ergo
312 2759 467 2834 Curianus
497 2761 641 2846 legatum
671 2762 751 2826 mihi
783 2762 915 2845 reliquit
946 2766 979 2826 et
1010 2762 1132 2828 factum

109 2872 227 2933 meum,
249 2851 312 2914 nisi
334 2851 418 2915 forte
441 2850 590 2914 blandior
613 2851 702 2935 mihi,
726 2851 895 2934 antiquum
914 2851 1052 2916 notabili
1074 2853 1133 2917 ho·

111 2963 190 3006 nors
214 2940 362 3026 signavit.
1152 2965 1173 3004 a<

58 3045 91 3094 12
168 3029 258 3094 Haec
280 3029 342 3092 tibi
365 3028 494 3112 scripsi,
516 3029 592 3111 quia
622 3027 660 3092 de
691 3028 853 3111 omnibus,
884 3052 965 3113 quae
998 3052 1048 3093 me
1080 3032 1133 3094 vel

111 3118 271 3182 delectant
298 3118 350 3181 vel
373 3122 505 3202 angunt,
529 3139 597 3182 non
619 3117 712 3182 aliter
741 3121 847 3182 tecum
879 3142 975 3201 quam
1005 3140 1131 3183 mecum

110 3205 202 3288 loqui
225 3206 328 3289 soleo,
352 3206 466 3270 deinde
486 3207 572 3289 quod
592 3206 707 3270 durum
727 3207 950 3272 existimabam
974 3212 1006 3272 te
1025 3231 1132 3272 aman·

14 3346 16 3351 .
110 3293 273 3358 tissimum
296 3295 360 3359 mei
382 3295 530 3359 fraudare
554 3296 733 3381 voluptate,
757 3317 854 3379 quam
868 3297 937 3380 ipse
956 3297 1132 3381 capiebam.

128 3561 136 3574 ι
161 3503 310 3555 91111111
325 3521 385 3559 non
401 3503 512 3562 subscr.
523 3507 553 3564 R
560 3507 670 3579 Fpra.
744 3513 777 3562 29
793 3508 973 3577 antiquorum
987 3510 1015 3565 R
1023 3510 1098 3579 Fpr
1106 3529 1133 3579 a,

61 3559 225 3631 antrquom
245 3571 268 3626 ,9
280 3574 390 3632 Muell,
