<?xml version="1.0" encoding="UTF-8"?>
<!DOCTYPE html PUBLIC "-//W3C//DTD XHTML 1.0 Transitional//EN"
    "http://www.w3.org/TR/xhtml1/DTD/xhtml1-transitional.dtd">
<html xmlns="http://www.w3.org/1999/xhtml" xml:lang="en" lang="en">
 <head>
  <title>
</title>
<meta http-equiv="Content-Type" content="text/html;charset=utf-8" />
  <meta name='ocr-system' content='tesseract 3.04.00' />
  <meta name='ocr-capabilities' content='ocr_page ocr_carea ocr_par ocr_line ocrx_word'/>
</head>
<body>
  <div class='ocr_page' id='page_1' title='image "./cplinicaecilise00kukugoog_0223.png"; bbox 0 0 2400 3862; ppageno 0'>
   <div class='ocr_carea' id='block_1_1' title="bbox 94 194 678 264">
    <p class='ocr_par' dir='ltr' id='par_1_1' title="bbox 94 194 678 264">
     <span class='ocr_line' id='line_1_1' title="bbox 94 194 678 264; baseline -0.029 0"><span class='ocrx_word' id='word_1_1' title='bbox 94 199 161 264; x_wconf 80' lang='lat'><strong>206</strong></span> <span class='ocrx_word' id='word_1_2' title='bbox 532 194 560 249; x_wconf 88' lang='lat' dir='ltr'><strong>c.</strong></span> <span class='ocrx_word' id='word_1_3' title='bbox 579 195 678 249; x_wconf 80' lang='grc'><strong>111111</strong></span> 
     </span>
    </p>
   </div>
   <div class='ocr_carea' id='block_1_2' title="bbox 57 359 1159 2674">
    <p class='ocr_par' dir='ltr' id='par_1_2' title="bbox 93 359 1116 712">
     <span class='ocr_line' id='line_1_2' title="bbox 94 359 1115 442; baseline 0 -19"><span class='ocrx_word' id='word_1_4' title='bbox 94 382 134 423; x_wconf 90' lang='lat' dir='ltr'><strong>ne</strong></span> <span class='ocrx_word' id='word_1_5' title='bbox 162 359 234 442; x_wconf 91' lang='lat' dir='ltr'><strong>quis</strong></span> <span class='ocrx_word' id='word_1_6' title='bbox 264 360 372 423; x_wconf 74' lang='lat' dir='ltr'><strong>‘mihi</strong></span> <span class='ocrx_word' id='word_1_7' title='bbox 399 382 477 424; x_wconf 94' lang='lat' dir='ltr'><strong>non</strong></span> <span class='ocrx_word' id='word_1_8' title='bbox 505 359 670 424; x_wconf 93' lang='lat' dir='ltr'><strong>donatus</strong></span> <span class='ocrx_word' id='word_1_9' title='bbox 695 359 849 441; x_wconf 88' lang='lat' dir='ltr'><strong>abiret&#39;,</strong></span> <span class='ocrx_word' id='word_1_10' title='bbox 876 363 1001 442; x_wconf 91' lang='lat' dir='ltr'><strong>partem</strong></span> <span class='ocrx_word' id='word_1_11' title='bbox 1030 362 1115 425; x_wconf 86' lang='lat' dir='ltr'><strong>octa·</strong></span> 
     </span>
     <span class='ocr_line' id='line_1_3' title="bbox 94 448 1116 533; baseline 0 -21"><span class='ocrx_word' id='word_1_12' title='bbox 94 471 167 513; x_wconf 87' lang='lat' dir='ltr'><strong>vam</strong></span> <span class='ocrx_word' id='word_1_13' title='bbox 190 449 299 533; x_wconf 86' lang='lat' dir='ltr'><strong>pretii,</strong></span> <span class='ocrx_word' id='word_1_14' title='bbox 324 471 388 532; x_wconf 93' lang='lat' dir='ltr'><strong>quo</strong></span> <span class='ocrx_word' id='word_1_15' title='bbox 412 449 484 533; x_wconf 89' lang='lat' dir='ltr'><strong>quis</strong></span> <span class='ocrx_word' id='word_1_16' title='bbox 508 453 641 531; x_wconf 89' lang='lat' dir='ltr'><strong>emerat,</strong></span> <span class='ocrx_word' id='word_1_17' title='bbox 665 449 822 531; x_wconf 83' lang='lat' dir='ltr'><strong>concessi3</strong></span> <span class='ocrx_word' id='word_1_18' title='bbox 846 448 959 512; x_wconf 91' lang='lat' dir='ltr'><strong>deinde</strong></span> <span class='ocrx_word' id='word_1_19' title='bbox 982 449 1035 531; x_wconf 88' lang='lat' dir='ltr'><strong>iis,</strong></span> <span class='ocrx_word' id='word_1_20' title='bbox 1060 450 1116 533; x_wconf 91' lang='lat' dir='ltr'><strong>qui</strong></span> 
     </span>
     <span class='ocr_line' id='line_1_4' title="bbox 95 537 1116 623; baseline 0 -21"><span class='ocrx_word' id='word_1_21' title='bbox 95 539 310 623; x_wconf 82' lang='lat' dir='ltr'><strong>amplissimas</strong></span> <span class='ocrx_word' id='word_1_22' title='bbox 334 559 476 603; x_wconf 89' lang='lat' dir='ltr'><strong>summas</strong></span> <span class='ocrx_word' id='word_1_23' title='bbox 500 537 718 622; x_wconf 81' lang='lat' dir='ltr'><strong>emptionibus</strong></span> <span class='ocrx_word' id='word_1_24' title='bbox 743 541 993 621; x_wconf 84' lang='lat' dir='ltr'><strong>occupaverant,</strong></span> <span class='ocrx_word' id='word_1_25' title='bbox 1026 559 1116 621; x_wconf 87' lang='lat' dir='ltr'><strong>sepa·</strong></span> 
     </span>
     <span class='ocr_line' id='line_1_5' title="bbox 93 627 1115 712; baseline 0 -21"><span class='ocrx_word' id='word_1_26' title='bbox 93 629 188 692; x_wconf 85' lang='lat' dir='ltr'><strong>ratim</strong></span> <span class='ocrx_word' id='word_1_27' title='bbox 213 629 368 692; x_wconf 92' lang='lat' dir='ltr'><strong>consului.</strong></span> <span class='ocrx_word' id='word_1_28' title='bbox 414 627 500 692; x_wconf 89' lang='lat' dir='ltr'><strong>Nam</strong></span> <span class='ocrx_word' id='word_1_29' title='bbox 530 632 562 692; x_wconf 87' lang='lat' dir='ltr'><strong>et</strong></span> <span class='ocrx_word' id='word_1_30' title='bbox 585 649 636 691; x_wconf 90' lang='lat' dir='ltr'><strong>me</strong></span> <span class='ocrx_word' id='word_1_31' title='bbox 660 627 763 712; x_wconf 84' lang='lat' dir='ltr'><strong>magis</strong></span> <span class='ocrx_word' id='word_1_32' title='bbox 787 627 934 691; x_wconf 84' lang='lat' dir='ltr'><strong>iuverant</strong></span> <span class='ocrx_word' id='word_1_33' title='bbox 957 632 989 690; x_wconf 89' lang='lat' dir='ltr'><strong>et</strong></span> <span class='ocrx_word' id='word_1_34' title='bbox 1011 629 1115 691; x_wconf 90' lang='lat' dir='ltr'><strong>maius</strong></span> 
     </span>
    </p>

    <p class='ocr_par' dir='ltr' id='par_1_3' title="bbox 57 714 1159 889">
     <span class='ocr_line' id='line_1_6' title="bbox 57 714 1159 801; baseline -0.003 -22"><span class='ocrx_word' id='word_1_35' title='bbox 57 733 74 779; x_wconf 81' lang='grc'>4</span> <span class='ocrx_word' id='word_1_36' title='bbox 93 717 156 801; x_wconf 90' lang='lat' dir='ltr'><strong>ipsi</strong></span> <span class='ocrx_word' id='word_1_37' title='bbox 178 717 321 781; x_wconf 76' lang='lat' dir='ltr'><strong>fecerant</strong></span> <span class='ocrx_word' id='word_1_38' title='bbox 345 717 505 781; x_wconf 92' lang='lat' dir='ltr'><strong>damnum.</strong></span> <span class='ocrx_word' id='word_1_39' title='bbox 551 714 656 801; x_wconf 78' lang='lat' dir='ltr'><strong>Igitur</strong></span> <span class='ocrx_word' id='word_1_40' title='bbox 674 716 728 799; x_wconf 93' lang='lat' dir='ltr'><strong>iis,</strong></span> <span class='ocrx_word' id='word_1_41' title='bbox 752 716 807 799; x_wconf 91' lang='lat' dir='ltr'><strong>qui</strong></span> <span class='ocrx_word' id='word_1_42' title='bbox 826 716 928 800; x_wconf 91' lang='lat' dir='ltr'><strong>pluris</strong></span> <span class='ocrx_word' id='word_1_43' title='bbox 948 737 1046 799; x_wconf 90' lang='lat' dir='ltr'><strong>quam</strong></span> <span class='ocrx_word' id='word_1_44' title='bbox 1065 716 1117 781; x_wconf 91' lang='lat' dir='ltr'><strong>de·</strong></span> <span class='ocrx_word' id='word_1_45' title='bbox 1134 735 1159 776; x_wconf 68' lang='grc' dir='ltr'>ε</span> 
     </span>
     <span class='ocr_line' id='line_1_7' title="bbox 94 805 1116 889; baseline -0.004 -18"><span class='ocrx_word' id='word_1_46' title='bbox 94 829 163 871; x_wconf 90' lang='lat' dir='ltr'><strong>cem</strong></span> <span class='ocrx_word' id='word_1_47' title='bbox 192 805 321 870; x_wconf 92' lang='lat' dir='ltr'><strong>milibus</strong></span> <span class='ocrx_word' id='word_1_48' title='bbox 350 810 506 888; x_wconf 82' lang='lat' dir='ltr'><strong>emerant,</strong></span> <span class='ocrx_word' id='word_1_49' title='bbox 537 805 577 869; x_wconf 88' lang='lat' dir='ltr'><strong>ad</strong></span> <span class='ocrx_word' id='word_1_50' title='bbox 608 806 697 869; x_wconf 90' lang='lat' dir='ltr'><strong>illam</strong></span> <span class='ocrx_word' id='word_1_51' title='bbox 727 827 931 870; x_wconf 92' lang='lat' dir='ltr'><strong>communem</strong></span> <span class='ocrx_word' id='word_1_52' title='bbox 961 809 993 869; x_wconf 91' lang='lat' dir='ltr'><strong>et</strong></span> <span class='ocrx_word' id='word_1_53' title='bbox 1024 806 1116 889; x_wconf 88' lang='lat' dir='ltr'><strong>quasi</strong></span> 
     </span>
    </p>

    <p class='ocr_par' dir='ltr' id='par_1_4' title="bbox 64 894 1117 978">
     <span class='ocr_line' id='line_1_8' title="bbox 64 894 1117 978; baseline -0.001 -19"><span class='ocrx_word' id='word_1_54' title='bbox 64 898 65 901; x_wconf 70' lang='grc'>’</span> <span class='ocrx_word' id='word_1_55' title='bbox 94 895 256 978; x_wconf 84' lang='lat' dir='ltr'><strong>publicam</strong></span> <span class='ocrx_word' id='word_1_56' title='bbox 282 899 428 960; x_wconf 84' lang='lat' dir='ltr'><strong>octavam</strong></span> <span class='ocrx_word' id='word_1_57' title='bbox 451 894 559 959; x_wconf 89' lang='lat' dir='ltr'><strong>addidi</strong></span> <span class='ocrx_word' id='word_1_58' title='bbox 583 895 750 959; x_wconf 80' lang='lat' dir='ltr'><strong>decumam</strong></span> <span class='ocrx_word' id='word_1_59' title='bbox 773 895 840 959; x_wconf 87' lang='lat' dir='ltr'><strong>eius</strong></span> <span class='ocrx_word' id='word_1_60' title='bbox 865 916 1022 977; x_wconf 87' lang='lat' dir='ltr'><strong>summae,</strong></span> <span class='ocrx_word' id='word_1_61' title='bbox 1054 917 1117 978; x_wconf 85' lang='lat' dir='ltr'><strong>qua</strong></span> 
     </span>
    </p>

    <p class='ocr_par' dir='ltr' id='par_1_5' title="bbox 59 982 1159 1246">
     <span class='ocr_line' id='line_1_9' title="bbox 59 982 1116 1068; baseline 0 -21"><span class='ocrx_word' id='word_1_62' title='bbox 59 1000 74 1047; x_wconf 88' lang='lat'>5</span> <span class='ocrx_word' id='word_1_63' title='bbox 94 985 203 1048; x_wconf 90' lang='lat' dir='ltr'><strong>decem</strong></span> <span class='ocrx_word' id='word_1_64' title='bbox 218 985 308 1048; x_wconf 88' lang='lat' dir='ltr'><strong>milia</strong></span> <span class='ocrx_word' id='word_1_65' title='bbox 322 988 530 1050; x_wconf 80' lang='lat' dir='ltr'><strong>excesserant.</strong></span> <span class='ocrx_word' id='word_1_66' title='bbox 555 982 690 1068; x_wconf 86' lang='lat' dir='ltr'><strong>Vereor,</strong></span> <span class='ocrx_word' id='word_1_67' title='bbox 709 1007 749 1048; x_wconf 94' lang='lat' dir='ltr'><strong>ne</strong></span> <span class='ocrx_word' id='word_1_68' title='bbox 763 1006 877 1068; x_wconf 88' lang='lat' dir='ltr'><strong>parum</strong></span> <span class='ocrx_word' id='word_1_69' title='bbox 893 984 1116 1067; x_wconf 84' lang='lat' dir='ltr'><strong>expresserim:</strong></span> 
     </span>
     <span class='ocr_line' id='line_1_10' title="bbox 94 1071 1116 1158; baseline 0 -22"><span class='ocrx_word' id='word_1_70' title='bbox 94 1074 235 1156; x_wconf 87' lang='lat' dir='ltr'><strong>apertius</strong></span> <span class='ocrx_word' id='word_1_71' title='bbox 266 1075 405 1139; x_wconf 87' lang='lat' dir='ltr'><strong>calculos</strong></span> <span class='ocrx_word' id='word_1_72' title='bbox 439 1073 613 1138; x_wconf 87' lang='lat' dir='ltr'><strong>ostendam.</strong></span> <span class='ocrx_word' id='word_1_73' title='bbox 661 1071 695 1137; x_wconf 85' lang='lat' dir='ltr'><strong>Si</strong></span> <span class='ocrx_word' id='word_1_74' title='bbox 728 1074 784 1158; x_wconf 91' lang='lat' dir='ltr'><strong>qui</strong></span> <span class='ocrx_word' id='word_1_75' title='bbox 816 1074 900 1137; x_wconf 88' lang='lat' dir='ltr'><strong>forte</strong></span> <span class='ocrx_word' id='word_1_76' title='bbox 934 1074 1116 1157; x_wconf 90' lang='lat' dir='ltr'><strong>quindecim</strong></span> 
     </span>
     <span class='ocr_line' id='line_1_11' title="bbox 95 1162 1159 1246; baseline -0.004 -20"><span class='ocrx_word' id='word_1_77' title='bbox 95 1163 226 1227; x_wconf 88' lang='lat' dir='ltr'><strong>milibus</strong></span> <span class='ocrx_word' id='word_1_78' title='bbox 250 1167 405 1246; x_wconf 91' lang='lat' dir='ltr'><strong>emerant,</strong></span> <span class='ocrx_word' id='word_1_79' title='bbox 437 1163 472 1226; x_wconf 96' lang='lat' dir='ltr'><strong>hi</strong></span> <span class='ocrx_word' id='word_1_80' title='bbox 496 1167 529 1227; x_wconf 94' lang='lat' dir='ltr'><strong>et</strong></span> <span class='ocrx_word' id='word_1_81' title='bbox 552 1163 736 1246; x_wconf 91' lang='lat' dir='ltr'><strong>quindecim</strong></span> <span class='ocrx_word' id='word_1_82' title='bbox 764 1162 889 1226; x_wconf 91' lang='lat' dir='ltr'><strong>milium</strong></span> <span class='ocrx_word' id='word_1_83' title='bbox 914 1167 1061 1227; x_wconf 87' lang='lat' dir='ltr'><strong>octavam</strong></span> <span class='ocrx_word' id='word_1_84' title='bbox 1085 1167 1116 1226; x_wconf 89' lang='lat' dir='ltr'><strong>et</strong></span> <span class='ocrx_word' id='word_1_85' title='bbox 1134 1183 1159 1221; x_wconf 79' lang='grc' dir='ltr'>ι</span> 
     </span>
    </p>

    <p class='ocr_par' dir='ltr' id='par_1_6' title="bbox 59 1251 1116 1603">
     <span class='ocr_line' id='line_1_12' title="bbox 59 1251 1116 1335; baseline 0 -19"><span class='ocrx_word' id='word_1_86' title='bbox 59 1269 74 1316; x_wconf 83' lang='grc'><strong>6</strong></span> <span class='ocrx_word' id='word_1_87' title='bbox 96 1252 237 1335; x_wconf 91' lang='lat' dir='ltr'><strong>quinque</strong></span> <span class='ocrx_word' id='word_1_88' title='bbox 257 1253 382 1317; x_wconf 91' lang='lat' dir='ltr'><strong>milium</strong></span> <span class='ocrx_word' id='word_1_89' title='bbox 402 1252 558 1316; x_wconf 90' lang='lat' dir='ltr'><strong>decimam</strong></span> <span class='ocrx_word' id='word_1_90' title='bbox 577 1253 730 1317; x_wconf 88' lang='lat' dir='ltr'><strong>tulerunt.</strong></span> <span class='ocrx_word' id='word_1_91' title='bbox 771 1251 953 1334; x_wconf 85' lang='lat' dir='ltr'><strong>Praeterea,</strong></span> <span class='ocrx_word' id='word_1_92' title='bbox 978 1274 1050 1316; x_wconf 94' lang='lat' dir='ltr'><strong>cum</strong></span> <span class='ocrx_word' id='word_1_93' title='bbox 1070 1275 1116 1316; x_wconf 86' lang='lat' dir='ltr'><strong>re-</strong></span> 
     </span>
     <span class='ocr_line' id='line_1_13' title="bbox 93 1342 1116 1426; baseline -0.002 -20"><span class='ocrx_word' id='word_1_94' title='bbox 93 1345 238 1425; x_wconf 83' lang='lat' dir='ltr'><strong>putarem</strong></span> <span class='ocrx_word' id='word_1_95' title='bbox 263 1343 418 1426; x_wconf 88' lang='lat' dir='ltr'><strong>quosdam</strong></span> <span class='ocrx_word' id='word_1_96' title='bbox 445 1364 485 1406; x_wconf 90' lang='lat' dir='ltr'><strong>ex</strong></span> <span class='ocrx_word' id='word_1_97' title='bbox 507 1342 615 1406; x_wconf 90' lang='lat' dir='ltr'><strong>debito</strong></span> <span class='ocrx_word' id='word_1_98' title='bbox 639 1342 851 1424; x_wconf 88' lang='lat' dir='ltr'><strong>aliquantum,</strong></span> <span class='ocrx_word' id='word_1_99' title='bbox 881 1342 1037 1424; x_wconf 89' lang='lat' dir='ltr'><strong>quosdam</strong></span> <span class='ocrx_word' id='word_1_100' title='bbox 1062 1342 1116 1405; x_wconf 91' lang='lat' dir='ltr'><strong>ali·</strong></span> 
     </span>
     <span class='ocr_line' id='line_1_14' title="bbox 95 1430 1115 1515; baseline 0.001 -22"><span class='ocrx_word' id='word_1_101' title='bbox 95 1430 186 1514; x_wconf 92' lang='lat' dir='ltr'><strong>quid,</strong></span> <span class='ocrx_word' id='word_1_102' title='bbox 225 1432 381 1513; x_wconf 88' lang='lat' dir='ltr'><strong>quosdam</strong></span> <span class='ocrx_word' id='word_1_103' title='bbox 417 1431 501 1495; x_wconf 93' lang='lat' dir='ltr'><strong>nihil</strong></span> <span class='ocrx_word' id='word_1_104' title='bbox 532 1431 728 1515; x_wconf 88' lang='lat' dir='ltr'><strong>reposuisse,</strong></span> <span class='ocrx_word' id='word_1_105' title='bbox 764 1452 965 1513; x_wconf 85' lang='lat' dir='ltr'><strong>nequaquam</strong></span> <span class='ocrx_word' id='word_1_106' title='bbox 1004 1452 1115 1494; x_wconf 86' lang='lat' dir='ltr'><strong>verum</strong></span> 
     </span>
     <span class='ocr_line' id='line_1_15' title="bbox 94 1520 1115 1603; baseline 0 -20"><span class='ocrx_word' id='word_1_107' title='bbox 94 1520 285 1599; x_wconf 87' lang='lat' dir='ltr'><strong>arbitrabar,</strong></span> <span class='ocrx_word' id='word_1_108' title='bbox 319 1542 399 1603; x_wconf 90' lang='lat' dir='ltr'><strong>quos</strong></span> <span class='ocrx_word' id='word_1_109' title='bbox 430 1542 496 1584; x_wconf 91' lang='lat' dir='ltr'><strong>non</strong></span> <span class='ocrx_word' id='word_1_110' title='bbox 528 1524 696 1603; x_wconf 87' lang='lat' dir='ltr'><strong>aequasset</strong></span> <span class='ocrx_word' id='word_1_111' title='bbox 727 1520 806 1584; x_wconf 90' lang='lat' dir='ltr'><strong>fides</strong></span> <span class='ocrx_word' id='word_1_112' title='bbox 839 1520 1025 1603; x_wconf 89' lang='lat' dir='ltr'><strong>solutionis,</strong></span> <span class='ocrx_word' id='word_1_113' title='bbox 1056 1521 1115 1584; x_wconf 91' lang='lat' dir='ltr'><strong>hos</strong></span> 
     </span>
    </p>

    <p class='ocr_par' dir='ltr' id='par_1_7' title="bbox 60 1608 1159 2030">
     <span class='ocr_line' id='line_1_16' title="bbox 60 1608 1159 1694; baseline -0.006 -21"><span class='ocrx_word' id='word_1_114' title='bbox 60 1627 74 1673; x_wconf 82' lang='lat'>7</span> <span class='ocrx_word' id='word_1_115' title='bbox 94 1609 293 1694; x_wconf 82' lang='lat' dir='ltr'><strong>benignitate</strong></span> <span class='ocrx_word' id='word_1_116' title='bbox 316 1609 513 1674; x_wconf 90' lang='lat' dir='ltr'><strong>remissionis</strong></span> <span class='ocrx_word' id='word_1_117' title='bbox 538 1609 676 1692; x_wconf 90' lang='lat' dir='ltr'><strong>aequari.</strong></span> <span class='ocrx_word' id='word_1_118' title='bbox 723 1608 847 1673; x_wconf 88' lang='lat' dir='ltr'><strong>Rursus</strong></span> <span class='ocrx_word' id='word_1_119' title='bbox 876 1630 952 1694; x_wconf 79' lang='lat' dir='ltr'><strong>ergo</strong></span> <span class='ocrx_word' id='word_1_120' title='bbox 977 1610 1030 1692; x_wconf 90' lang='lat' dir='ltr'><strong>iis,</strong></span> <span class='ocrx_word' id='word_1_121' title='bbox 1060 1608 1115 1692; x_wconf 91' lang='lat' dir='ltr'><strong>qui</strong></span> <span class='ocrx_word' id='word_1_122' title='bbox 1133 1625 1159 1666; x_wconf 74' lang='lat' dir='ltr'><strong>ra</strong></span> 
     </span>
     <span class='ocr_line' id='line_1_17' title="bbox 95 1698 1117 1781; baseline 0.002 -21"><span class='ocrx_word' id='word_1_123' title='bbox 95 1698 269 1781; x_wconf 85' lang='lat' dir='ltr'><strong>solverant,</strong></span> <span class='ocrx_word' id='word_1_124' title='bbox 294 1698 377 1780; x_wconf 91' lang='lat' dir='ltr'><strong>eius,</strong></span> <span class='ocrx_word' id='word_1_125' title='bbox 400 1699 487 1780; x_wconf 90' lang='lat' dir='ltr'><strong>quod</strong></span> <span class='ocrx_word' id='word_1_126' title='bbox 511 1699 687 1780; x_wconf 81' lang='lat' dir='ltr'><strong>solverant,</strong></span> <span class='ocrx_word' id='word_1_127' title='bbox 711 1699 866 1762; x_wconf 90' lang='lat' dir='ltr'><strong>decimam</strong></span> <span class='ocrx_word' id='word_1_128' title='bbox 891 1699 1008 1762; x_wconf 87' lang='lat' dir='ltr'><strong>remisi.</strong></span> <span class='ocrx_word' id='word_1_129' title='bbox 1056 1698 1117 1763; x_wconf 91' lang='lat' dir='ltr'><strong>Per</strong></span> 
     </span>
     <span class='ocr_line' id='line_1_18' title="bbox 94 1786 1115 1873; baseline 0.001 -23"><span class='ocrx_word' id='word_1_130' title='bbox 94 1788 157 1850; x_wconf 88' lang='lat' dir='ltr'><strong>hoo</strong></span> <span class='ocrx_word' id='word_1_131' title='bbox 191 1786 276 1850; x_wconf 90' lang='lat' dir='ltr'><strong>enim</strong></span> <span class='ocrx_word' id='word_1_132' title='bbox 307 1787 473 1870; x_wconf 87' lang='lat' dir='ltr'><strong>aptissime</strong></span> <span class='ocrx_word' id='word_1_133' title='bbox 510 1791 542 1850; x_wconf 90' lang='lat' dir='ltr'><strong>et</strong></span> <span class='ocrx_word' id='word_1_134' title='bbox 574 1788 608 1851; x_wconf 92' lang='lat' dir='ltr'><strong>in</strong></span> <span class='ocrx_word' id='word_1_135' title='bbox 644 1788 854 1871; x_wconf 86' lang='lat' dir='ltr'><strong>praeteritum</strong></span> <span class='ocrx_word' id='word_1_136' title='bbox 888 1788 1023 1873; x_wconf 84' lang='lat' dir='ltr'><strong>singulis</strong></span> <span class='ocrx_word' id='word_1_137' title='bbox 1057 1809 1115 1871; x_wconf 94' lang='lat' dir='ltr'><strong>pro</strong></span> 
     </span>
     <span class='ocr_line' id='line_1_19' title="bbox 95 1876 1116 1960; baseline 0.002 -22"><span class='ocrx_word' id='word_1_138' title='bbox 95 1877 250 1959; x_wconf 88' lang='lat' dir='ltr'><strong>cuiusque</strong></span> <span class='ocrx_word' id='word_1_139' title='bbox 280 1876 393 1940; x_wconf 90' lang='lat' dir='ltr'><strong>merito</strong></span> <span class='ocrx_word' id='word_1_140' title='bbox 425 1877 529 1960; x_wconf 86' lang='lat' dir='ltr'><strong>gratia</strong></span> <span class='ocrx_word' id='word_1_141' title='bbox 558 1876 682 1959; x_wconf 88' lang='lat' dir='ltr'><strong>referri,</strong></span> <span class='ocrx_word' id='word_1_142' title='bbox 713 1881 745 1940; x_wconf 89' lang='lat' dir='ltr'><strong>et</strong></span> <span class='ocrx_word' id='word_1_143' title='bbox 774 1878 808 1940; x_wconf 92' lang='lat' dir='ltr'><strong>in</strong></span> <span class='ocrx_word' id='word_1_144' title='bbox 835 1877 981 1941; x_wconf 90' lang='lat' dir='ltr'><strong>futurum</strong></span> <span class='ocrx_word' id='word_1_145' title='bbox 1006 1899 1116 1941; x_wconf 89' lang='lat' dir='ltr'><strong>omnes</strong></span> 
     </span>
     <span class='ocr_line' id='line_1_20' title="bbox 94 1965 1117 2030; baseline -0.001 -1"><span class='ocrx_word' id='word_1_146' title='bbox 94 1987 167 2029; x_wconf 93' lang='lat' dir='ltr'><strong>cum</strong></span> <span class='ocrx_word' id='word_1_147' title='bbox 205 1966 245 2030; x_wconf 90' lang='lat' dir='ltr'><strong>ad</strong></span> <span class='ocrx_word' id='word_1_148' title='bbox 282 1965 450 2029; x_wconf 91' lang='lat' dir='ltr'><strong>emendum</strong></span> <span class='ocrx_word' id='word_1_149' title='bbox 488 1969 557 2029; x_wconf 92' lang='lat' dir='ltr'><strong>tum</strong></span> <span class='ocrx_word' id='word_1_150' title='bbox 596 1966 693 2029; x_wconf 91' lang='lat' dir='ltr'><strong>etiam</strong></span> <span class='ocrx_word' id='word_1_151' title='bbox 731 1966 770 2029; x_wconf 91' lang='lat' dir='ltr'><strong>ad</strong></span> <span class='ocrx_word' id='word_1_152' title='bbox 808 1966 997 2030; x_wconf 85' lang='lat' dir='ltr'><strong>solvendum</strong></span> <span class='ocrx_word' id='word_1_153' title='bbox 1031 1967 1117 2030; x_wconf 88' lang='lat' dir='ltr'><strong>allici</strong></span> 
     </span>
    </p>

    <p class='ocr_par' dir='ltr' id='par_1_8' title="bbox 58 2053 1158 2674">
     <span class='ocr_line' id='line_1_21' title="bbox 58 2053 1156 2140; baseline 0.001 -22"><span class='ocrx_word' id='word_1_154' title='bbox 58 2055 291 2119; x_wconf 80' lang='lat' dir='ltr'><strong>svidebantur.</strong></span> <span class='ocrx_word' id='word_1_155' title='bbox 337 2053 458 2140; x_wconf 82' lang='lat' dir='ltr'><strong>Magno</strong></span> <span class='ocrx_word' id='word_1_156' title='bbox 488 2055 566 2118; x_wconf 92' lang='lat' dir='ltr'><strong>mihi</strong></span> <span class='ocrx_word' id='word_1_157' title='bbox 596 2077 651 2119; x_wconf 91' lang='lat' dir='ltr'><strong>seu</strong></span> <span class='ocrx_word' id='word_1_158' title='bbox 679 2055 761 2119; x_wconf 87' lang='lat' dir='ltr'><strong>ratio</strong></span> <span class='ocrx_word' id='word_1_159' title='bbox 790 2056 869 2120; x_wconf 89' lang='lat' dir='ltr'><strong>haec</strong></span> <span class='ocrx_word' id='word_1_160' title='bbox 897 2077 954 2119; x_wconf 91' lang='lat' dir='ltr'><strong>seu</strong></span> <span class='ocrx_word' id='word_1_161' title='bbox 977 2055 1116 2120; x_wconf 86' lang='lat' dir='ltr'><strong>facilitas</strong></span> <span class='ocrx_word' id='word_1_162' title='bbox 1134 2071 1156 2111; x_wconf 73' lang='lat'><strong>2⁰</strong></span> 
     </span>
     <span class='ocr_line' id='line_1_22' title="bbox 96 2142 1116 2228; baseline -0.001 -20"><span class='ocrx_word' id='word_1_163' title='bbox 96 2145 200 2226; x_wconf 88' lang='lat' dir='ltr'><strong>stetit,</strong></span> <span class='ocrx_word' id='word_1_164' title='bbox 232 2144 287 2208; x_wconf 90' lang='lat' dir='ltr'><strong>sed</strong></span> <span class='ocrx_word' id='word_1_165' title='bbox 317 2144 380 2209; x_wconf 90' lang='grc'><strong>11111</strong></span> <span class='ocrx_word' id='word_1_166' title='bbox 409 2144 500 2210; x_wconf 86' lang='lat' dir='ltr'><strong>tanti.</strong></span> <span class='ocrx_word' id='word_1_167' title='bbox 546 2142 631 2208; x_wconf 90' lang='lat' dir='ltr'><strong>Nam</strong></span> <span class='ocrx_word' id='word_1_168' title='bbox 664 2144 796 2228; x_wconf 83' lang='lat' dir='ltr'><strong>regione</strong></span> <span class='ocrx_word' id='word_1_169' title='bbox 828 2148 898 2208; x_wconf 87' lang='lat' dir='ltr'><strong>tota</strong></span> <span class='ocrx_word' id='word_1_170' title='bbox 927 2148 960 2208; x_wconf 93' lang='lat' dir='ltr'><strong>et</strong></span> <span class='ocrx_word' id='word_1_171' title='bbox 989 2144 1116 2208; x_wconf 89' lang='lat' dir='ltr'><strong>novitas</strong></span> 
     </span>
     <span class='ocr_line' id='line_1_23' title="bbox 94 2233 1116 2317; baseline 0.001 -21"><span class='ocrx_word' id='word_1_172' title='bbox 94 2234 292 2298; x_wconf 87' lang='lat' dir='ltr'><strong>remissionis</strong></span> <span class='ocrx_word' id='word_1_173' title='bbox 321 2239 352 2298; x_wconf 91' lang='lat' dir='ltr'><strong>et</strong></span> <span class='ocrx_word' id='word_1_174' title='bbox 379 2234 484 2297; x_wconf 85' lang='lat' dir='ltr'><strong>forma</strong></span> <span class='ocrx_word' id='word_1_175' title='bbox 511 2234 670 2298; x_wconf 90' lang='lat' dir='ltr'><strong>laudatur.</strong></span> <span class='ocrx_word' id='word_1_176' title='bbox 715 2233 767 2297; x_wconf 77' lang='lat' dir='ltr'><strong>Ex</strong></span> <span class='ocrx_word' id='word_1_177' title='bbox 789 2233 869 2317; x_wconf 90' lang='lat' dir='ltr'><strong>ipsis</strong></span> <span class='ocrx_word' id='word_1_178' title='bbox 893 2234 1004 2316; x_wconf 89' lang='lat' dir='ltr'><strong>etiam,</strong></span> <span class='ocrx_word' id='word_1_179' title='bbox 1036 2255 1116 2316; x_wconf 92' lang='lat' dir='ltr'><strong>quos</strong></span> 
     </span>
     <span class='ocr_line' id='line_1_24' title="bbox 95 2322 1117 2408; baseline 0.002 -23"><span class='ocrx_word' id='word_1_180' title='bbox 95 2344 161 2386; x_wconf 92' lang='lat' dir='ltr'><strong>non</strong></span> <span class='ocrx_word' id='word_1_181' title='bbox 173 2346 259 2405; x_wconf 86' lang='lat' dir='ltr'><strong>una,</strong></span> <span class='ocrx_word' id='word_1_182' title='bbox 281 2327 318 2387; x_wconf 91' lang='lat' dir='ltr'><strong>ut</strong></span> <span class='ocrx_word' id='word_1_183' title='bbox 337 2323 468 2405; x_wconf 88' lang='lat' dir='ltr'><strong>dicitur,</strong></span> <span class='ocrx_word' id='word_1_184' title='bbox 489 2323 625 2407; x_wconf 88' lang='lat' dir='ltr'><strong>pertica,</strong></span> <span class='ocrx_word' id='word_1_185' title='bbox 649 2323 705 2386; x_wconf 93' lang='lat' dir='ltr'><strong>sed</strong></span> <span class='ocrx_word' id='word_1_186' title='bbox 724 2323 874 2388; x_wconf 88' lang='lat' dir='ltr'><strong>distincte</strong></span> <span class='ocrx_word' id='word_1_187' title='bbox 893 2322 1117 2408; x_wconf 84' lang='lat' dir='ltr'><strong>gradatimque</strong></span> 
     </span>
     <span class='ocr_line' id='line_1_25' title="bbox 94 2412 1117 2495; baseline 0.002 -21"><span class='ocrx_word' id='word_1_188' title='bbox 94 2412 244 2495; x_wconf 86' lang='lat' dir='ltr'><strong>tractavi,</strong></span> <span class='ocrx_word' id='word_1_189' title='bbox 277 2416 396 2495; x_wconf 88' lang='lat' dir='ltr'><strong>quanto</strong></span> <span class='ocrx_word' id='word_1_190' title='bbox 427 2412 498 2495; x_wconf 92' lang='lat' dir='ltr'><strong>quis</strong></span> <span class='ocrx_word' id='word_1_191' title='bbox 526 2413 639 2476; x_wconf 93' lang='lat' dir='ltr'><strong>melior</strong></span> <span class='ocrx_word' id='word_1_192' title='bbox 672 2416 704 2476; x_wconf 88' lang='lat' dir='ltr'><strong>et</strong></span> <span class='ocrx_word' id='word_1_193' title='bbox 736 2413 880 2495; x_wconf 91' lang='lat' dir='ltr'><strong>probior,</strong></span> <span class='ocrx_word' id='word_1_194' title='bbox 913 2416 1003 2476; x_wconf 89' lang='lat' dir='ltr'><strong>tanto</strong></span> <span class='ocrx_word' id='word_1_195' title='bbox 1037 2413 1117 2476; x_wconf 92' lang='lat' dir='ltr'><strong>mihi</strong></span> 
     </span>
     <span class='ocr_line' id='line_1_26' title="bbox 96 2499 1158 2585; baseline 0.001 -21"><span class='ocrx_word' id='word_1_196' title='bbox 96 2500 270 2585; x_wconf 86' lang='lat' dir='ltr'><strong>obligatior</strong></span> <span class='ocrx_word' id='word_1_197' title='bbox 303 2502 382 2565; x_wconf 89' lang='lat' dir='ltr'><strong>abiit</strong></span> <span class='ocrx_word' id='word_1_198' title='bbox 415 2506 564 2585; x_wconf 83' lang='lat' dir='ltr'><strong>expertus</strong></span> <span class='ocrx_word' id='word_1_199' title='bbox 600 2523 666 2566; x_wconf 93' lang='lat' dir='ltr'><strong>non</strong></span> <span class='ocrx_word' id='word_1_200' title='bbox 699 2523 768 2565; x_wconf 91' lang='lat' dir='ltr'><strong>esse</strong></span> <span class='ocrx_word' id='word_1_201' title='bbox 801 2501 887 2585; x_wconf 91' lang='lat' dir='ltr'><strong>apud</strong></span> <span class='ocrx_word' id='word_1_202' title='bbox 917 2523 968 2565; x_wconf 92' lang='lat' dir='ltr'><strong>me</strong></span> <span class='ocrx_word' id='word_1_203' title='bbox 1001 2499 1042 2565; x_wconf 80' lang='grc' dir='ltr'><strong>ἐν</strong></span> <span class='ocrx_word' id='word_1_204' title='bbox 1076 2501 1158 2565; x_wconf 71' lang='grc'><strong>11111</strong></span> 
     </span>
     <span class='ocr_line' id='line_1_27' title="bbox 97 2589 1008 2674; baseline 0 -21"><span class='ocrx_word' id='word_1_205' title='bbox 97 2591 134 2674; x_wconf 79' lang='grc' dir='ltr'><strong>ἰῇ</strong></span> <span class='ocrx_word' id='word_1_206' title='bbox 159 2599 248 2674; x_wconf 83' lang='grc' dir='ltr'><strong><em>τιμῇ</em></strong></span> <span class='ocrx_word' id='word_1_207' title='bbox 272 2590 369 2672; x_wconf 81' lang='grc' dir='ltr'><strong>ἠμὲν</strong></span> <span class='ocrx_word' id='word_1_208' title='bbox 392 2593 512 2655; x_wconf 79' lang='grc' dir='ltr'>κακὸν</span> <span class='ocrx_word' id='word_1_209' title='bbox 535 2591 605 2673; x_wconf 73' lang='grc' dir='ltr'><strong>ἠδὲ</strong></span> <span class='ocrx_word' id='word_1_210' title='bbox 627 2591 692 2654; x_wconf 77' lang='lat' dir='ltr'><strong>aul</strong></span> <span class='ocrx_word' id='word_1_211' title='bbox 716 2589 872 2655; x_wconf 78' lang='grc' dir='ltr'><strong><em>ἐσθλόν.</em></strong></span> <span class='ocrx_word' id='word_1_212' title='bbox 920 2589 1008 2654; x_wconf 88' lang='lat' dir='ltr'><strong>Vale.</strong></span> 
     </span>
    </p>
   </div>
   <div class='ocr_carea' id='block_1_3' title="bbox 365 2757 851 2933">
    <p class='ocr_par' dir='ltr' id='par_1_9' title="bbox 365 2757 851 2933">
     <span class='ocr_line' id='line_1_28' title="bbox 577 2757 632 2814; baseline 0.018 -1"><span class='ocrx_word' id='word_1_213' title='bbox 577 2757 632 2814; x_wconf 88' lang='grc' dir='ltr'><strong>ΙΙΙ.</strong></span> 
     </span>
     <span class='ocr_line' id='line_1_29' title="bbox 365 2882 851 2933; baseline 0.002 -2"><span class='ocrx_word' id='word_1_214' title='bbox 365 2883 394 2931; x_wconf 78' lang='grc' dir='ltr'><strong>Ο.</strong></span> <span class='ocrx_word' id='word_1_215' title='bbox 411 2882 558 2932; x_wconf 79' lang='lat' dir='ltr'>PLINIUS</span> <span class='ocrx_word' id='word_1_216' title='bbox 579 2883 714 2933; x_wconf 77' lang='lat' dir='ltr'><strong>SPARso</strong></span> <span class='ocrx_word' id='word_1_217' title='bbox 735 2883 804 2932; x_wconf 80' lang='lat' dir='ltr'><strong>SUO</strong></span> <span class='ocrx_word' id='word_1_218' title='bbox 825 2883 851 2932; x_wconf 71' lang='lat' dir='ltr'><strong>S.</strong></span> 
     </span>
    </p>
   </div>
   <div class='ocr_carea' id='block_1_4' title="bbox 61 2999 1159 3351">
    <p class='ocr_par' dir='ltr' id='par_1_10' title="bbox 61 2999 1159 3174">
     <span class='ocr_line' id='line_1_30' title="bbox 61 2999 1117 3083; baseline 0.005 -23"><span class='ocrx_word' id='word_1_219' title='bbox 61 3015 74 3060; x_wconf 93' lang='lat'>1</span> <span class='ocrx_word' id='word_1_220' title='bbox 162 2999 308 3083; x_wconf 91' lang='lat' dir='ltr'><strong>Librum,</strong></span> <span class='ocrx_word' id='word_1_221' title='bbox 333 3022 429 3083; x_wconf 90' lang='lat' dir='ltr'><strong>quem</strong></span> <span class='ocrx_word' id='word_1_222' title='bbox 444 3000 618 3065; x_wconf 87' lang='lat' dir='ltr'><strong>novissime</strong></span> <span class='ocrx_word' id='word_1_223' title='bbox 632 3001 692 3064; x_wconf 92' lang='lat' dir='ltr'><strong>tibi</strong></span> <span class='ocrx_word' id='word_1_224' title='bbox 707 3001 793 3082; x_wconf 87' lang='lat' dir='ltr'><strong>misi,</strong></span> <span class='ocrx_word' id='word_1_225' title='bbox 818 3023 857 3063; x_wconf 89' lang='lat' dir='ltr'><strong>ex</strong></span> <span class='ocrx_word' id='word_1_226' title='bbox 873 3001 1023 3065; x_wconf 92' lang='lat' dir='ltr'><strong>omnibus</strong></span> <span class='ocrx_word' id='word_1_227' title='bbox 1039 3002 1117 3065; x_wconf 90' lang='lat' dir='ltr'><strong>meis</strong></span> 
     </span>
     <span class='ocr_line' id='line_1_31' title="bbox 96 3088 1159 3174; baseline 0.006 -24"><span class='ocrx_word' id='word_1_228' title='bbox 96 3089 147 3151; x_wconf 86' lang='lat' dir='ltr'><strong>vel</strong></span> <span class='ocrx_word' id='word_1_229' title='bbox 167 3090 304 3154; x_wconf 84' lang='lat' dir='ltr'><strong>maxime</strong></span> <span class='ocrx_word' id='word_1_230' title='bbox 323 3092 448 3174; x_wconf 90' lang='lat' dir='ltr'><strong>placere</strong></span> <span class='ocrx_word' id='word_1_231' title='bbox 467 3088 639 3174; x_wconf 86' lang='lat' dir='ltr'><strong>significas.</strong></span> <span class='ocrx_word' id='word_1_232' title='bbox 685 3090 746 3155; x_wconf 79' lang='lat' dir='ltr'><strong>Est</strong></span> <span class='ocrx_word' id='word_1_233' title='bbox 762 3090 872 3153; x_wconf 90' lang='lat' dir='ltr'><strong>eadem</strong></span> <span class='ocrx_word' id='word_1_234' title='bbox 887 3089 998 3174; x_wconf 93' lang='lat' dir='ltr'><strong>opinio</strong></span> <span class='ocrx_word' id='word_1_235' title='bbox 1013 3092 1118 3156; x_wconf 92' lang='lat' dir='ltr'><strong>cuius·</strong></span> <span class='ocrx_word' id='word_1_236' title='bbox 1137 3116 1159 3156; x_wconf 84' lang='grc'><strong>11</strong></span> 
     </span>
    </p>

    <p class='ocr_par' dir='ltr' id='par_1_11' title="bbox 61 3177 1120 3351">
     <span class='ocr_line' id='line_1_32' title="bbox 61 3177 1119 3262; baseline 0.004 -22"><span class='ocrx_word' id='word_1_237' title='bbox 61 3196 76 3241; x_wconf 82' lang='grc'><strong>1</strong></span> <span class='ocrx_word' id='word_1_238' title='bbox 97 3177 170 3241; x_wconf 86' lang='lat' dir='ltr'><strong>dam</strong></span> <span class='ocrx_word' id='word_1_239' title='bbox 190 3179 407 3244; x_wconf 88' lang='lat' dir='ltr'><strong>eruditissimi.</strong></span> <span class='ocrx_word' id='word_1_240' title='bbox 450 3178 520 3254; x_wconf 83' lang='lat' dir='ltr'><strong>Quo</strong></span> <span class='ocrx_word' id='word_1_241' title='bbox 536 3179 639 3262; x_wconf 86' lang='lat' dir='ltr'><strong>magis</strong></span> <span class='ocrx_word' id='word_1_242' title='bbox 654 3179 809 3261; x_wconf 92' lang='lat' dir='ltr'><strong>adducor,</strong></span> <span class='ocrx_word' id='word_1_243' title='bbox 832 3183 868 3243; x_wconf 87' lang='lat' dir='ltr'><strong>ut</strong></span> <span class='ocrx_word' id='word_1_244' title='bbox 882 3182 1033 3243; x_wconf 87' lang='lat' dir='ltr'><strong>neutrum</strong></span> <span class='ocrx_word' id='word_1_245' title='bbox 1048 3180 1119 3244; x_wconf 90' lang='lat' dir='ltr'><strong>falli</strong></span> 
     </span>
     <span class='ocr_line' id='line_1_33' title="bbox 96 3267 1120 3351; baseline 0.001 -20"><span class='ocrx_word' id='word_1_246' title='bbox 96 3271 221 3350; x_wconf 89' lang='lat' dir='ltr'><strong>putem,</strong></span> <span class='ocrx_word' id='word_1_247' title='bbox 249 3269 412 3350; x_wconf 90' lang='lat' dir='ltr'><strong>quianon</strong></span> <span class='ocrx_word' id='word_1_248' title='bbox 437 3273 485 3332; x_wconf 90' lang='lat' dir='ltr'><strong>est</strong></span> <span class='ocrx_word' id='word_1_249' title='bbox 509 3267 659 3332; x_wconf 92' lang='lat' dir='ltr'><strong>credibile</strong></span> <span class='ocrx_word' id='word_1_250' title='bbox 683 3273 856 3350; x_wconf 91' lang='lat' dir='ltr'><strong>utrumque</strong></span> <span class='ocrx_word' id='word_1_251' title='bbox 880 3269 962 3348; x_wconf 87' lang='lat' dir='ltr'><strong>falli,</strong></span> <span class='ocrx_word' id='word_1_252' title='bbox 987 3272 1020 3332; x_wconf 92' lang='lat' dir='ltr'><strong>et</strong></span> <span class='ocrx_word' id='word_1_253' title='bbox 1043 3269 1120 3351; x_wconf 85' lang='lat' dir='ltr'><strong>quia</strong></span> 
     </span>
    </p>
   </div>
   <div class='ocr_carea' id='block_1_5' title="bbox 168 3443 1119 3512">
    <p class='ocr_par' dir='ltr' id='par_1_12' title="bbox 168 3443 1119 3512">
     <span class='ocr_line' id='line_1_34' title="bbox 168 3443 1119 3512; baseline -0.001 -15"><span class='ocrx_word' id='word_1_254' title='bbox 168 3451 181 3496; x_wconf 88' lang='lat'>1</span> <span class='ocrx_word' id='word_1_255' title='bbox 197 3445 271 3512; x_wconf 75' lang='lat' dir='ltr'><strong>Verp.</strong></span> <span class='ocrx_word' id='word_1_256' title='bbox 283 3446 352 3497; x_wconf 80' lang='lat' dir='ltr'><strong>Aere.</strong></span> <span class='ocrx_word' id='word_1_257' title='bbox 366 3445 458 3497; x_wconf 82' lang='lat' dir='ltr'><strong><em>V305.</em></strong></span> <span class='ocrx_word' id='word_1_258' title='bbox 532 3448 547 3494; x_wconf 87' lang='lat'>5</span> <span class='ocrx_word' id='word_1_259' title='bbox 563 3443 689 3497; x_wconf 87' lang='lat' dir='ltr'><strong>facerent</strong></span> <span class='ocrx_word' id='word_1_260' title='bbox 702 3461 724 3496; x_wconf 82' lang='lat' dir='ltr'><strong>r.</strong></span> <span class='ocrx_word' id='word_1_261' title='bbox 800 3449 813 3496; x_wconf 82' lang='grc'><strong>7</strong></span> <span class='ocrx_word' id='word_1_262' title='bbox 830 3459 901 3512; x_wconf 86' lang='lat' dir='ltr'><strong>quae</strong></span> <span class='ocrx_word' id='word_1_263' title='bbox 918 3487 922 3496; x_wconf 95' lang='lat'>.</span> <span class='ocrx_word' id='word_1_264' title='bbox 940 3486 945 3496; x_wconf 94' lang='lat'><em>.</em></span> <span class='ocrx_word' id='word_1_265' title='bbox 961 3446 1119 3497; x_wconf 85' lang='lat' dir='ltr'><strong>excesserat</strong></span> 
     </span>
    </p>
   </div>
   <div class='ocr_carea' id='block_1_6' title="bbox 59 3515 1117 3644">
    <p class='ocr_par' dir='ltr' id='par_1_13' title="bbox 59 3515 1117 3644">
     <span class='ocr_line' id='line_1_35' title="bbox 76 3515 1117 3586; baseline 0.004 -20"><span class='ocrx_word' id='word_1_266' title='bbox 76 3529 103 3572; x_wconf 66' lang='lat' dir='ltr'><strong>[a</strong></span> <span class='ocrx_word' id='word_1_267' title='bbox 127 3515 227 3567; x_wconf 69' lang='lat' dir='ltr'><strong>Calan.</strong></span> <span class='ocrx_word' id='word_1_268' title='bbox 327 3521 361 3568; x_wconf 78' lang='lat'><strong>15</strong></span> <span class='ocrx_word' id='word_1_269' title='bbox 382 3515 501 3586; x_wconf 85' lang='lat' dir='ltr'><strong>aequari</strong></span> <span class='ocrx_word' id='word_1_270' title='bbox 522 3534 550 3583; x_wconf 88' lang='lat' dir='ltr'><strong>c,</strong></span> <span class='ocrx_word' id='word_1_271' title='bbox 571 3517 608 3571; x_wconf 88' lang='lat' dir='ltr'><strong>K.</strong></span> <span class='ocrx_word' id='word_1_272' title='bbox 625 3517 667 3583; x_wconf 89' lang='lat' dir='ltr'><strong>H,</strong></span> <span class='ocrx_word' id='word_1_273' title='bbox 687 3516 796 3581; x_wconf 67' lang='lat' dir='ltr'><strong>Mucii,</strong></span> <span class='ocrx_word' id='word_1_274' title='bbox 812 3531 933 3583; x_wconf 66' lang='lat' dir='ltr'><strong>aequare</strong></span> <span class='ocrx_word' id='word_1_275' title='bbox 955 3517 991 3570; x_wconf 87' lang='lat' dir='ltr'><em>M</em></span> <span class='ocrx_word' id='word_1_276' title='bbox 996 3534 1018 3580; x_wconf 88' lang='lat' dir='ltr'><strong>r,</strong></span> <span class='ocrx_word' id='word_1_277' title='bbox 1039 3516 1076 3569; x_wconf 90' lang='lat' dir='ltr'><strong>K.</strong></span> <span class='ocrx_word' id='word_1_278' title='bbox 1093 3517 1117 3570; x_wconf 90' lang='lat'><strong>1.</strong></span> 
     </span>
     <span class='ocr_line' id='line_1_36' title="bbox 59 3583 322 3644; baseline 0.034 -9"><span class='ocrx_word' id='word_1_279' title='bbox 59 3583 101 3626; x_wconf 75' lang='lat'><strong>25</strong></span> <span class='ocrx_word' id='word_1_280' title='bbox 118 3583 206 3637; x_wconf 71' lang='lat' dir='ltr'><strong>Hom.</strong></span> <span class='ocrx_word' id='word_1_281' title='bbox 223 3587 250 3638; x_wconf 90' lang='lat' dir='ltr'><em>I</em></span> <span class='ocrx_word' id='word_1_282' title='bbox 257 3592 322 3644; x_wconf 67' lang='lat' dir='ltr'><strong>ara</strong></span> 
     </span>
    </p>
   </div>
   <div class='ocr_carea' id='block_1_7' title="bbox 0 0 1210 3862">
    <p class='ocr_par' dir='ltr' id='par_1_14' title="bbox 0 0 1210 3862">
     <span class='ocr_line' id='line_1_37' title="bbox 0 0 1210 3862; baseline 0 0"><span class='ocrx_word' id='word_1_283' title='bbox 0 0 1210 3862; x_wconf 95' lang='lat' dir='ltr'><strong> </strong></span> 
     </span>
    </p>
   </div>
  </div>
 </body>
</html>
