2400 3862
129 195 193 260 132
565 188 593 243 c.
613 189 711 244 mnu

126 357 216 420 illam
249 353 313 417 tori
344 353 474 438 quidam
507 356 539 417 et
571 352 664 436 quasi
695 353 790 418 iubae
822 353 948 436 decent3
985 352 1065 417 haec
1098 353 1149 416 vel

127 443 266 508 maxime
288 443 330 526 vi,
353 442 576 525 amaritudine,
598 443 761 524 instantia,
784 442 841 506 illa
858 446 965 511 tractu
989 446 1021 506 et
1045 441 1149 506 suavi-

127 536 192 597 tate
215 536 311 614 atque
330 532 427 597 etiam
446 530 614 596 dulcedine
633 532 752 615 placet;
774 535 938 616 postremo
962 531 1026 595 alia
1044 531 1149 614 verba,

75 639 107 691 11
128 623 210 686 alius
229 643 338 704 sonus,
360 621 423 686 alia
442 621 648 686 constructio
684 619 770 685 Nam
789 621 965 704 plurimum
983 621 1091 700 refert,
1114 624 1150 684 ut

127 710 331 795 Thucydides
361 711 420 794 ait,
451 719 577 792 κτῆμα
606 710 649 775 sit
681 733 723 775 an
756 709 974 794 dyctvsepoq
1011 727 1181 792 quorums

128 801 264 864 alterum
297 801 415 884 oratio,
444 800 581 864 alterum
611 798 749 863 historia
776 802 833 863 est.
884 797 945 863 His
976 821 1016 863 ex
1045 799 1150 862 causis

126 912 194 954 non
221 889 375 972 adducor,
405 892 442 953 ut
470 887 534 952 duo
563 888 732 952 dissimilia
765 891 797 953 et
824 887 887 953 hoc
914 888 986 972 ipso
1015 887 1150 967 diverse,

127 978 215 1063 quod
238 978 387 1060 maxima,
410 977 606 1042 confundam
629 977 859 1060 misceamque,
881 999 922 1041 ne
944 980 1035 1041 tanta
1058 978 1151 1060 quasi

127 1068 310 1133 colluvione
333 1067 482 1133 turbatus
505 1067 551 1132 ibi
574 1065 704 1148 faciam,
735 1065 821 1149 quod
844 1066 898 1132 hic
922 1066 1036 1149 debeo;
1065 1065 1151 1129 ideo·

128 1180 190 1241 que
217 1156 346 1221 interim
372 1156 512 1237 veniam,
538 1177 580 1220 ne
608 1177 627 1219 a
653 1155 835 1220 forensibus
863 1154 968 1219 verbis
995 1155 1151 1237 recedam,
1171 1174 1196 1213 10

76 1261 108 1309 12
128 1243 306 1310 advocandi
328 1249 412 1328 peto.
458 1244 508 1309 Tu
527 1248 634 1309 tamen
657 1245 722 1308 iam
745 1265 832 1309 nunc
851 1244 968 1330 cogita,
991 1265 1072 1327 quae
1095 1266 1152 1327 po·

128 1335 289 1398 tissimum
316 1337 462 1418 tempora
490 1334 667 1419 aggrediar.
713 1332 833 1398 Vetera
856 1339 889 1397 et
916 1333 1036 1417 scripta
1059 1333 1152 1397 aliis?

127 1422 244 1487 Parata
257 1423 434 1506 inquisitio,
453 1423 509 1487 sed
528 1444 663 1488 onerosa
681 1421 821 1488 collatio.
852 1420 978 1486 intaeta
996 1426 1029 1487 et
1046 1421 1153 1486 nova?

77 1527 109 1576 13
130 1511 248 1578 Graves
268 1512 416 1595 offensae,
439 1511 520 1577 levis
539 1513 651 1598 gratia.
697 1510 782 1576 Nam
801 1515 928 1596 praeter
947 1511 988 1594 id,
1013 1512 1099 1595 quod
1118 1512 1153 1574 in

128 1601 226 1666 tantis
250 1601 339 1665 vitiis
361 1600 531 1666 hominum
561 1603 656 1685 plura
679 1601 839 1685 culpanda
861 1604 937 1665 sunt
965 1623 1062 1685 quam
1085 1601 1153 1664 lau·
1172 1618 1196 1659 rs

130 1690 243 1772 danda,
266 1694 346 1773 tum,
369 1692 397 1755 si
415 1690 605 1773 laudaveris,
623 1712 748 1775 parcus,
773 1691 801 1755 si
820 1690 1009 1774 culpaveris,
1032 1690 1152 1754 nimius

129 1779 229 1844 fuisse
253 1779 378 1862 dicaris,
401 1780 549 1864 quamvis
572 1781 653 1845 illud
676 1779 876 1864 plenissime,
891 1779 960 1844 ,hoc
983 1779 1153 1843 restrictis·

77 1885 110 1933 14
130 1869 209 1933 sime
236 1869 359 1934 feceris.
406 1867 468 1934 Sed
497 1869 577 1935 haec
604 1892 655 1934 me
685 1891 751 1934 non
780 1869 944 1933 retardant
974 1865 1037 1955 (est
1067 1868 1152 1931 enim

130 1958 211 2022 mihi
233 1980 292 2041 pro
316 1958 380 2022 fide
404 1958 480 2023 satis
504 1957 631 2045 animi):
663 1958 743 2022 illud
766 1961 851 2041 peto,
878 1961 1088 2042 praesternas,
1112 1957 1152 2019 ad

130 2047 216 2131 quod
239 2047 393 2130 hortaris,
425 2048 589 2134 eligasque
612 2047 792 2130 materiam,
819 2069 861 2112 ne
884 2047 965 2112 mihi
988 2047 1053 2111 iam
1077 2047 1152 2110 scri·
1172 2064 1196 2106 ao

130 2137 205 2200 bere
236 2140 349 2219 parato
383 2137 445 2200 alia
477 2158 587 2201 rursus
620 2135 833 2201 cunctationis
866 2140 898 2201 et
930 2158 1039 2201 morae
1067 2135 1154 2200 iusta

130 2227 213 2290 ratio
237 2229 395 2291 nascatur.
442 2224 532 2290 Vale,

548 2391 600 2450 rx.
625 2387 731 2466 [uxr]

301 2515 332 2566 C.
348 2516 496 2566 PLINIUS
517 2515 726 2566 SEMPRONIO
746 2516 844 2567 RUFO
865 2516 934 2566 SUO
955 2515 982 2565 S.

97 2651 111 2698 1
201 2631 436 2697 Descenderam
459 2634 494 2696 in
516 2633 681 2698 basilicam
700 2630 817 2697 Iuliam
836 2633 1012 2716 auditurus,
1036 2632 1154 2716 quibus
1175 2653 1196 2692 at

97 2740 113 2787 a
133 2722 282 2806 proxima
301 2722 635 2805 comperendinatione
653 2723 846 2806 respondere
865 2722 1028 2786 debebam.
1060 2720 1155 2787 Sede-

133 2813 212 2875 bant
235 2811 371 2894 iudices,
398 2811 570 2875 decemviri
598 2814 759 2894 venerant,
783 2813 1037 2876 obversabantur
1060 2813 1155 2876 advo·

133 2902 211 2983 cati,
248 2899 411 2964 silentium
441 2901 589 2984 longum,
627 2900 756 2964 tandem
787 2923 806 2964 a
834 2905 982 2984 praetore
1012 2902 1154 2966 nuntius.

132 2988 350 3053 Dimittuntur
380 2989 583 3072 centumviri,
620 2989 771 3052 eximitur
801 2989 867 3055 dies
903 3012 954 3054 me
987 2991 1157 3076 gaudente,

134 3080 190 3163 qui
219 3101 396 3163 numquam
423 3079 469 3143 ita
496 3083 626 3163 paratus
656 3099 740 3161 sum,
767 3082 805 3142 ut
832 3101 898 3144 non
929 3102 1020 3144 mora
1046 3082 1154 3144 laeter.
1176 3100 1196 3138 a(

98 3167 237 3233 sGausa
263 3168 426 3232 dilationis
453 3167 564 3252 Nepos
592 3170 734 3250 praetor,
773 3167 830 3251 qui
861 3168 988 3254 legibus
1022 3171 1156 3252 quaerit.

134 3255 352 3340 Proposuerat
387 3257 481 3321 breve
524 3258 678 3339 edictum,
719 3256 912 3323 admonebat
944 3262 1157 3342 accusatores,

204 3436 221 3482 5
247 3434 330 3486 Thac.
350 3433 432 3488 122.
542 3438 557 3486 6
580 3432 625 3485 his
649 3450 683 3485 ex
706 3434 778 3500 Ma,
803 3435 841 3488 K.
856 3435 899 3502 11,
922 3434 1031 3501 Muell,
1054 3451 1089 3489 ex
1111 3436 1157 3488 his

114 3499 236 3566 Bpre,
257 3504 298 3556 K
313 3505 339 3558 L
432 3508 466 3559 10
485 3502 644 3561 forensibus
662 3505 693 3558 D
699 3521 779 3574 pro,
800 3506 874 3572 Otto,
894 3507 1003 3573 Maeli,
1021 3506 1091 3561 meis
1112 3508 1157 3574 M,

100 3565 152 3631 K,
171 3569 288 3642 Stanyl.
369 3582 408 3634 24
430 3578 601 3652 Sempronio
622 3595 655 3635 ccc
675 3577 714 3636 R.
