2400 3862
127 195 190 260 102
564 190 593 246 c.
612 190 711 245 penu

125 356 214 419 tione
238 355 361 441 ingenii
384 356 433 419 tui
457 355 620 438 convenit,
645 354 883 438 circumspicias
913 359 1147 440 praeceptores,

126 467 207 528 quos
238 445 412 510 sollicitare
442 445 613 529 possimus,
647 444 705 509 sub
743 467 780 508 ea
810 449 919 509 tamen
949 445 1147 528 condicione,

124 556 164 597 ne
188 533 241 599 uui
263 535 361 598 fidem
388 555 493 598 meam
525 533 734 620 obstringam.
781 531 898 597 Omnia
929 534 1015 598 enim
1044 534 1148 598 libera

125 623 313 707 parentibus
345 645 450 688 servo:
480 622 530 688 illi
560 622 713 706 iudicent,
744 622 793 686 illi
817 623 952 708 eligant3
975 644 1036 708 ego
1066 623 1147 687 mihi

73 729 105 778 11
126 734 235 777 curam
258 715 385 776 tantum
405 715 437 777 et
459 711 659 796 impendium
681 711 818 776 vindico.
856 711 1003 795 Proinde,
1028 711 1147 796 siquis
1169 741 1182 780 5

125 801 223 865 fuerit
247 806 405 884 repertus,
430 801 485 885 qui
508 802 639 887 ingenio
654 823 712 866 suo
731 801 820 884 fidat,
840 806 891 865 eat
914 801 993 866 illuc
1012 823 1049 866 ea
1066 803 1147 888 lege,

125 895 162 953 ut
185 891 283 955 istinc
305 890 388 954 nihil
406 891 493 955 aliud
513 893 636 955 certum
657 912 753 975 quam
770 890 923 956 fiduciam
943 913 1034 955 suam
1056 890 1148 956 ferat.

125 979 216 1044 Vale.

596 1073 676 1133 XIV.
770 1115 774 1122 .

378 1200 408 1250 C.
423 1201 571 1252 PLINIUS
591 1201 759 1252 PATERNO
780 1201 849 1251 SUO
870 1201 897 1250 S.
1169 1222 1194 1261 10

92 1333 106 1382 1
185 1318 235 1382 Tu
258 1318 394 1383 fortasse
418 1319 612 1401 orationem,
635 1323 673 1384 ut
696 1320 797 1399 soles,
820 1321 852 1382 et
883 1317 1011 1403 flagitas
1041 1321 1074 1382 et
1097 1340 1149 1382 ex·

127 1410 247 1491 pectas,
270 1412 304 1472 at
327 1429 387 1494 ego
417 1407 510 1490 quasi
538 1430 578 1472 ex
608 1408 717 1491 aliqua
746 1406 916 1492 peregrina
948 1407 1149 1491 delicataque

91 1513 107 1560 a
127 1518 231 1561 merce
245 1498 335 1561 lusus
351 1519 439 1561 meos
453 1497 514 1560 tibi
528 1497 640 1581 prodo.
664 1496 813 1581 Accipies
828 1518 902 1561 cum
925 1497 986 1562 hac
1009 1498 1150 1581 epistula

126 1585 413 1668 hendecasyllabos
443 1589 587 1668 nostros,
623 1586 740 1668 quibus
770 1607 831 1650 nos
861 1586 896 1648 in
925 1586 1084 1671 vehiculo,
1114 1587 1149 1650 in

91 1690 107 1738 3
127 1674 265 1757 balineo,
288 1676 372 1739 inter
396 1696 506 1739 cenam
531 1675 731 1739 oblectamus
755 1675 857 1738 otium
876 1675 1040 1759 temporis.
1087 1674 1148 1741 His
1168 1701 1193 1742 a

127 1763 286 1845 iocamur,
308 1764 464 1845 ludimus,
488 1785 646 1846 amamus,
669 1763 827 1847 dolemus,
843 1765 1017 1847 querimur,
1040 1764 1149 1830 irasci-

127 1875 214 1935 mur,
236 1852 446 1916 describimus
470 1852 592 1935 aliquid
615 1853 712 1917 modo
735 1852 891 1936 pressius,
913 1853 1010 1917 modo
1034 1855 1150 1919 elatius

128 1945 224 2025 atque
247 1942 319 2025 ipsa
342 1941 494 2006 varietate
522 1946 718 2031 temptamus
742 1942 879 2025 efficere,
908 1946 946 2005 ut
976 1943 1039 2007 alia
1068 1943 1150 2026 aliis,

91 2047 109 2094 4
128 2031 285 2114 quaedam
307 2031 444 2095 fortasse
463 2031 611 2096 omnibus
629 2032 787 2115 placeant.
831 2031 882 2094 Ex
901 2032 1017 2114 quibus
1041 2035 1151 2096 tamen

129 2121 155 2184 si
179 2142 246 2184 non
268 2122 358 2184 nulla
388 2120 449 2184 tibi
479 2121 698 2204 petulantiora
727 2121 825 2204 paulo
855 2121 1059 2203 videbuntur,
1089 2121 1151 2186 erit
1169 2146 1194 2186 ro

129 2209 319 2273 eruditionis
343 2214 417 2275 tuae
442 2210 584 2295 cogitare
608 2230 752 2273 summos
784 2210 859 2273 illos
883 2213 916 2273 et
941 2209 1150 2296 gravissimos

128 2298 230 2380 viros,
259 2299 315 2381 qui
343 2300 421 2363 talia
449 2300 654 2384 scripserunt,
676 2320 744 2363 non
767 2299 863 2362 modo
886 2299 1019 2364 lascivia
1033 2322 1152 2382 rerum,

130 2387 184 2451 sed
207 2409 247 2450 ne
270 2387 376 2451 verbis
401 2388 529 2471 quidem
552 2389 647 2452 nudis
672 2387 876 2470 abstinuiss03
907 2411 988 2471 quae
1015 2411 1075 2453 nos
1103 2412 1151 2453 re·

129 2476 288 2561 fugimus,
312 2498 377 2540 non
402 2478 477 2561 quia
501 2478 675 2542 severiores
699 2475 798 2563 (unde
826 2474 958 2563 enim?),
988 2478 1043 2541 sed
1075 2479 1151 2562 quia

95 2580 111 2628 5
129 2565 307 2629 timidiores
327 2588 445 2630 sumus.
493 2566 618 2632 Scimus
638 2567 760 2650 alioqui
777 2567 873 2630 huius
894 2567 1042 2650 opusculi
1060 2568 1150 2632 illam
1168 2591 1193 2632 aa

130 2676 198 2719 esse
221 2654 419 2719 verissimam
441 2657 560 2741 legem,
584 2678 681 2739 quam
705 2655 849 2721 Catullus
873 2656 1043 2740 expressit:

174 2778 269 2844 Nam
293 2783 441 2844 castum
466 2802 547 2845 esse
571 2782 680 2846 decet
703 2782 809 2865 pium
832 2785 988 2864 potitam

175 2869 313 2952 ipsum,
336 2869 561 2934 versiculos
584 2871 690 2934 nihil
712 2891 870 2934 neeesse
894 2874 968 2953 est,

176 2957 246 3040 qui
268 2962 367 3023 tunc
391 2958 565 3042 denique
587 2959 733 3023 habent
756 2960 875 3023 salem
899 2963 936 3023 et
965 2961 1150 3043 leporem,

176 3048 208 3110 si
232 3050 320 3110 sunt
343 3048 536 3111 molliculi
560 3052 596 3111 et
618 3070 754 3132 parum
776 3048 915 3132 pudici.
1168 3074 1193 3114 eo

204 3222 237 3274 7*
251 3222 317 3275 hinc
331 3223 418 3289 codd,
432 3223 994 3295 addemme,<is>tincepo,ct.1112‚7;
1008 3226 1108 3292 11728,
1120 3230 1151 3291 1;

137 3294 1151 3363 V130,1;V117,2;V11115,1;17,1;6;1X33,1;39,5;

131 3365 169 3418 od
191 3366 264 3419 Trai.
284 3369 320 3419 62
342 3368 379 3419 al.
423 3371 457 3421 10
484 3367 598 3421 Decimo
621 3369 742 3421 Paterae
767 3366 781 3420 ?
807 3367 918 3437 Staupl,
945 3369 980 3434 cf.
1004 3383 1044 3435 ep.
1066 3369 1088 3421 I
1107 3371 1150 3422 12.

132 3441 165 3488 17
189 3436 291 3490 elatius
311 3439 349 3491 M
357 3438 417 3503 Vs,
440 3439 489 3504 K,
512 3437 598 3490 latius
622 3439 661 3504 D,
685 3438 771 3490 altius
794 3440 861 3505 Ru,
886 3439 960 3505 Otto,
983 3439 1018 3504 cf.
1038 3440 1060 3492 Ι
1073 3443 1100 3506 8,
1119 3442 1151 3504 5,·

124 3506 240 3569 Vllffl,
257 3512 354 3574 4,·22,
370 3513 396 3562 3,
459 3515 494 3564 20
507 3509 593 3579 paulo
607 3511 664 3580 pet.
680 3510 826 3578 RFpra,
840 3510 938 3564 Maeli.
999 3514 1032 3563 26
1048 3508 1149 3566 Catuli.

98 3571 144 3628 7⁶3
165 3575 192 3622 θ’.
273 3581 313 3628 29
332 3581 396 3632 tum
410 3598 469 3650 pro
489 3585 559 3639 tunc
579 3596 632 3654 νς,
654 3584 692 3640 K.
708 3585 746 3638 Π.
