2400 3862
371 193 635 250 EPISTULARUM
652 193 679 248 V
698 199 812 250 19-21.
1035 198 1099 265 143

77 379 164 442 vero,
187 379 284 442 quam
300 358 461 424 candidus
479 357 681 442 loquentiam
698 359 850 443 appellat,
872 359 984 424 multis
1003 363 1100 444 atque

77 448 175 512 etiam
191 448 473 532 impudentissimo
492 449 609 532 cuique
627 448 767 512 maxime
785 447 932 533 contigit.
965 447 1098 515 Postero
1118 466 1135 515 c

78 538 129 602 die
152 537 236 602 dixit
262 561 322 622 pro
346 537 476 603 Vareno
499 537 675 602 Homullus
702 537 827 622 callide,
854 537 980 621 acriter,
1006 538 1101 621 culte,

77 630 192 692 contra
232 626 391 711 Nigrinus
426 648 552 712 presse,
592 626 747 712 graviter,
788 631 908 691 ornate.
969 624 1101 692 Censuit

46 736 59 776 s
78 714 203 781 Acilius
218 715 334 800 Rufus,
352 718 467 781 consul
479 717 677 802 designatus,
690 715 935 800 inquisitionem
948 714 1101 800 Bithynis

77 805 226 888 dandam,
243 806 497 889 postulationem
520 805 640 870 Varem'
662 806 793 871 silentio
815 804 989 890 praeteriit.
1012 803 1136 870 Haecr

76 895 182 960 forma
213 895 353 981 negandi
385 894 457 960 fuit.
503 892 670 960 Cornelius
700 894 829 960 Priscus
860 894 1038 961 consularis
1068 897 1101 958 et

76 984 331 1068 accusatoribus,
358 1005 444 1068 quae
473 984 642 1068 petebant,
670 987 704 1049 et
732 1006 787 1049 reo
817 983 934 1049 tribuit
960 983 1101 1066 vicitque

76 1095 221 1153 numero.
272 1071 522 1157 impetravimus
550 1094 619 1138 rem
649 1094 710 1138 neo
736 1075 809 1159 lege
837 1074 1101 1157 comprehensam

33 1183 136 1227 nnec
160 1162 238 1227 setis
261 1163 425 1246 usitatam,
447 1163 566 1227 iustam
589 1166 706 1227 tamen.
752 1161 858 1240 Quare
879 1162 1008 1246 iustam,
1034 1178 1136 1228 nona

76 1273 149 1316 sum
169 1252 309 1336 epistula
327 1255 530 1335 executurus,
552 1256 589 1316 ut
612 1251 771 1318 desideres
792 1253 961 1318 actionem.
1005 1251 1101 1333 Nam,

77 1342 242 1406 siveram
266 1345 314 1407 est
336 1341 547 1407 Homericum
571 1341 666 1405 illud:

77 1466 147 1549 τὴν
170 1467 243 1551 γὰρ
273 1465 414 1550 ἀοιδὴν
437 1470 586 1548 μᾶλλον
614 1464 855 1531 ἐπικλείουσ’
880 1466 1101 1551 ἅνθρωποι,

76 1555 98 1638 ἥ
122 1578 181 1632 τις
204 1554 468 1621 ἀκουόντεσσι
491 1555 663 1639 νεωτάτη
687 1553 970 1640 ἀμφιπέληται,

33 1699 59 1739 rs
77 1679 312 1763 providendum
335 1685 385 1746 est
407 1681 498 1764 mihi,
520 1703 560 1746 ne
583 1681 721 1766 gratiam
743 1679 899 1745 novitatis
922 1683 956 1745 et
977 1680 1101 1763 fierem,

79 1790 161 1852 quae
203 1769 439 1835 oratiunculam
480 1771 570 1835 illam
615 1770 668 1834 rel
707 1770 846 1835 maxime
887 1770 1102 1852 commendat,

78 1859 236 1941 epistulae
258 1859 456 1943 loquacitate
479 1880 694 1944 praecerpam.
741 1859 832 1925 Vale.

495 2044 574 2102 xxi.
600 2037 679 2123 [m]
714 2096 715 2099 i
851 2055 852 2058 Ν

215 2168 593 2221 c.1>u1u1us1³cu1>n10
615 2154 822 2221 sarcasmo
843 2167 913 2218 suc
934 2168 961 2218 e.

32 2315 59 2355 so
90 2280 94 2290 ’
142 2285 240 2350 Varie
278 2308 328 2350 me
365 2285 551 2352 adfecerunt
586 2287 713 2352 litterae
744 2291 833 2369 tuae3
870 2308 945 2350 nam
981 2286 1135 2371 partim1

77 2376 173 2458 laeta,
195 2374 314 2458 partim
331 2375 437 2440 tristia
456 2377 675 2441 continebant:
697 2377 791 2459 laeta,
814 2375 902 2459 quod
919 2378 952 2440 te
970 2375 1005 2440 in
1022 2375 1102 2440 urbe

78 2465 182 2529 teneri
218 2465 412 2529 nuntiabant
450 2462 617 2552 (‘nollem'
647 2466 772 2549 inquis,
814 2464 869 2528 sed
908 2487 968 2550 ego
1001 2461 1102 2549 volo),

78 2557 243 2637 praeterea
266 2554 353 2637 quod
375 2555 598 2638 recitaturum,
622 2555 731 2620 statim
754 2557 792 2618 ut
813 2554 986 2637 venissem,
1007 2553 1102 2636 polli-

79 2641 248 2726 eebantur;
278 2665 339 2730 ago
372 2645 507 2728 gratias,
538 2644 625 2727 quod
657 2648 817 2727 expector.
872 2643 978 2708 Triste
1011 2640 1136 2724 illud,2

33 2761 60 2803 η
81 2732 169 2816 quod
192 2731 295 2797 Iulius
319 2732 439 2797 Valens
467 2732 609 2818 graviter
631 2733 727 2815 iacet3
756 2754 951 2817 quamquam
973 2753 1015 2796 ne
1039 2730 1102 2795 hoc

79 2822 211 2905 quidem
243 2823 348 2906 triste,
381 2822 409 2886 si
437 2822 526 2886 illius
553 2821 750 2895 utilitatibus
777 2823 977 2903 aestimetur,
1010 2819 1101 2885 cuius

79 2913 215 2976 interest
233 2933 329 2995 quam
354 2911 569 2976 maturissime
587 2911 806 2995 inexplicabili
825 2912 937 2976 morbo
961 2909 1101 2974 liberari.

78 3000 165 3066 Illud
189 3002 284 3084 plane
307 3023 374 3065 non
396 3002 488 3065 triste
512 3001 628 3081 solum,
650 3021 762 3065 rerum
785 3001 882 3065 etiam
905 3001 1101 3082 luctuosum,
1120 3012 1136 3062 a

80 3091 167 3174 quod
183 3089 285 3154 lulius
302 3088 418 3154 Avitus
438 3089 584 3171 decessit,
609 3089 754 3170 decessit,
775 3088 853 3153 dum
870 3092 1100 3172 exquaestore

35 3209 62 3248 ee
79 3180 172 3263 redit,
186 3179 323 3244 decessit
336 3179 371 3243 in
383 3179 470 3261 navi,
482 3179 596 3262 procul
606 3176 733 3243 a'fratre
742 3177 973 3262 amantissimo,
986 3178 1101 3262 procul

80 3273 238 3351 amatre,
268 3268 482 3332 asororibus.
527 3266 621 3333 Nihil
648 3268 711 3333 ista
739 3267 780 3333 ad
810 3271 974 3332 mortuum
1002 3267 1137 3350 perti-4

153 3449 186 3497 13
205 3446 287 3499 Hom.
307 3464 326 3497 u
344 3447 406 3498 351.
480 3449 513 3498 16
534 3443 732 3498 commendant
750 3442 836 3510 Dpr.
913 3442 1101 3508 19P0mqe'10

80 3533 114 3571 cx
132 3517 169 3572 R.
250 3521 284 3569 23
302 3516 454 3583 propterea
473 3516 572 3572 Oetae.
654 3519 690 3571 ub
708 3515 791 3588 priua
810 3514 939 3571 decessit
953 3512 1028 3577 Ma,
1043 3511 1128 3562 catat.

76 3605 148 3639 man.
166 3591 202 3653 2,
221 3589 321 3641 redebet
335 3587 440 3659 Stanql
456 3591 638 3664 668,cf.V1
657 3595 687 3662 6,
698 3596 735 3648 ⁸1.
