2400 3862
92 181 157 248 232
528 179 555 234 o.
574 178 673 232 enuu

93 364 155 425 que
170 341 212 406 sit
231 340 377 406 ordinare
393 345 512 406 statum
526 342 700 407 liberarum
714 342 890 407 civitatum.
923 341 956 406 N
957 364 1008 405 am
1034 343 1114 424 quid

57 431 294 496 eordinatione
324 430 466 513 civilius,
499 431 575 515 quid
605 431 753 496 libertate
783 430 978 514 pretiosius?
1010 429 1113 496 Porro

93 541 190 603 quam
214 523 320 604 turpe,
349 520 376 584 si
404 520 563 585 ordinatio
592 521 769 603 eversione,
797 519 929 584 libertas
958 521 1114 585 servitute

93 610 248 674 muteturt
272 606 419 690 Accedit,
439 610 527 693 quod
540 609 601 674 tibi
616 613 777 675 certamen
791 613 840 674 est
854 613 975 674 tecum:
1000 614 1115 674 onerat

92 702 125 763 te
149 700 338 780 quaesturae
366 701 440 762 tuae
462 698 561 779 fama,
590 720 686 781 quam
709 720 749 762 ex
772 697 928 782 Bithynia
956 699 1115 782 optimam
1135 720 1148 760 c

92 787 258 869 revexisti,
281 790 393 851 onerat
410 787 631 852 testimonium
650 788 819 871 principis,
843 790 954 852 onerat
972 788 1116 853 tribuna-

93 880 160 958 tus,
190 879 340 959 praetura
363 879 458 960 atque
482 877 561 942 haec
584 877 654 960 ipsa
676 877 795 962 legatio
820 878 913 960 quasi
935 878 1116 960 praemium

59 965 177 1030 edeta.
225 963 295 1041 Quo
319 965 421 1050 magis
445 966 612 1030 nitendum
636 969 697 1048 est,
720 988 760 1030 ne
783 967 818 1029 in
840 965 1020 1050 longinqua
1042 988 1117 1049 pro-

94 1055 201 1118 vincia
216 1075 311 1136 quam
326 1055 521 1138 suburbana,
535 1077 576 1119 ne
589 1055 674 1119 inter
688 1055 860 1120 servientes
876 1077 973 1139 quam
987 1054 1116 1139 liberos,

94 1165 134 1207 ne
159 1147 244 1208 sorte
269 1164 365 1225 quam
389 1144 508 1209 iudicio
532 1145 664 1227 missus,
690 1167 730 1209 ne
754 1145 842 1209 rudis
870 1148 902 1208 et
929 1144 1116 1229 incognitus
1136 1165 1162 1205 ιο

96 1254 192 1316 quam
207 1233 391 1316 exploratus
405 1234 623 1317 probatusque
637 1234 822 1316 humanior,
840 1233 968 1318 melior,
982 1233 1118 1317 peritior

95 1321 194 1388 fuisse
205 1322 356 1405 videaris,
375 1345 448 1387 cum
460 1324 502 1388 sit
513 1323 648 1406 alioqui,
666 1326 703 1387 ut
714 1345 807 1406 saepe
819 1323 951 1404 audisti,
968 1345 1063 1406 saepe
1073 1322 1117 1387 le-

96 1411 181 1497 gisti,
189 1412 292 1475 multo
305 1411 479 1477 deformius
492 1413 638 1477 amittere
650 1434 747 1496 quam
758 1434 824 1477 non
836 1411 968 1494 adsequi
978 1412 1117 1477 laudem.

44 1519 76 1568 10
163 1499 252 1565 Haec
275 1501 372 1564 velim
397 1502 520 1584 eredas,
543 1502 631 1585 quod
653 1502 747 1567 initio
772 1501 852 1584 dixi,
875 1500 1041 1585 scripsisse
1066 1525 1117 1566 me

96 1589 336 1673 admonentem,
350 1612 416 1654 non
434 1590 698 1674 praecipientem
712 1612 908 1674 quamquam
922 1590 1118 1674 praecipien-
1137 1611 1162 1652 ιε

96 1682 162 1743 tem
186 1699 321 1761 quoque.
369 1677 494 1763 Quippe
512 1701 579 1744 non
597 1700 721 1763 vereor,
745 1680 779 1744 in
797 1702 906 1745 amore
924 1702 965 1744 ne
986 1681 1118 1744 modum

97 1767 293 1832 excesserim.
330 1767 445 1851 Neque
469 1768 553 1832 enim
572 1768 750 1852 periculum
769 1772 832 1851 est,
854 1791 894 1833 ne
913 1769 1119 1851 sitnimium,

98 1856 184 1940 quod
209 1878 277 1922 esse
300 1857 476 1921 maximum
500 1858 601 1921 debet.
648 1856 737 1922 Vale.

282 2270 319 2343 U.
348 2269 481 2342 PLINI
510 2270 699 2343 UAEOILI
728 2269 936 2344 SECUNDI

252 2447 965 2548 EPISTULARUM
1138 2503 1165 2543 20

452 2641 766 2710 umueuouus.

602 2916 624 2974 I.

368 3041 398 3092 C.
412 3043 559 3093 PLINIUS
578 3044 725 3092 MAXIMO
745 3043 814 3092 SUO
835 3042 862 3092 S.

70 3159 82 3207 1
172 3143 273 3228 Saepe
296 3149 328 3208 te
352 3144 476 3224 monui,
499 3147 535 3206 ut
558 3144 673 3225 libros,
697 3163 777 3225 quos
801 3144 853 3206 vel
876 3163 934 3226 pro
959 3145 990 3205 te
1014 3143 1066 3206 vel
1089 3143 1123 3206 in

104 3234 266 3318 Plantam,
289 3233 388 3297 immo
412 3237 445 3296 et
463 3254 521 3316 pro
541 3237 573 3296 te
593 3233 677 3297 etin
696 3232 787 3295 illum
808 3231 868 3308 (ita
886 3232 970 3295 em'm
990 3232 1124 3296 materia
1143 3252 1168 3293 ac

105 3321 254 3408 cogebat)
292 3322 517 3406 composuisti,
557 3344 654 3406 quam
696 3321 912 3385 maturissime
954 3321 1124 3402 emitteres,

79 3414 191 3496 ,quod
214 3434 300 3476 nunc
327 3412 496 3496 praecipue
525 3415 628 3475 morte
656 3410 723 3474 eius
752 3409 861 3474 audita
891 3413 922 3473 et
951 3410 1065 3474 hortor
1093 3415 1125 3474 et

154 3572 195 3617 10
210 3568 290 3621 lbrte
307 3570 353 3622 M
353 3588 375 3625 r.
456 3577 489 3625 24
504 3571 592 3642 prius
610 3571 640 3624 te
659 3585 712 3624 om.
729 3569 772 3625 M.
