2400 3862
118 207 180 270 198
554 203 696 258 aranu

81 385 96 431 a
116 367 187 452 Ego
212 372 248 431 ut
271 392 340 435 esse
363 368 502 451 credam,
526 370 561 432 in
583 369 696 451 primis
720 390 757 433 eo
789 369 902 450 ducor,
930 367 1015 450 quod
1045 368 1144 433 audio

117 457 269 522 accidisse
294 457 404 524 Curtio
429 456 524 522 Rufo.
571 457 690 522 Tenuis
714 457 819 522 adhuc
842 462 875 522 et
906 457 1062 522 obscurus
1089 457 1146 522 ob-

116 548 232 610 tinenti
262 545 406 613 Africam
434 569 540 612 comes
568 548 721 612 haeserat.
767 545 926 612 Inclinato
950 546 1001 610 die
1025 548 1146 630 spatia·

116 637 211 700 batur
238 636 271 699 in
299 638 440 720 porticu:
468 637 601 701 offertur
633 637 662 701 ei
693 636 836 701 mulieris
864 636 969 723 figura
1000 636 1147 700 humana

117 725 270 810 grandior
288 727 530 809 pulchriorque
553 727 723 808 perterrito
743 723 887 789 Africam
907 747 940 790 se
958 725 1147 790 futurorum
1170 749 1182 785 s

118 815 340 898 praenuntiam
375 817 469 898 dixit3
499 816 620 879 iturum
652 814 737 879 enim
767 813 905 878 Romam
937 815 1146 899 honoresque

118 907 282 987 gesturum
308 909 404 987 atque
427 906 524 971 etiam
548 926 621 969 cum
645 926 771 969 summo
796 905 931 988 imperio
956 904 990 967 in
1008 905 1146 969 eandem

83 1009 98 1054 3
118 992 317 1075 provinciam
341 1016 542 1060 reversurum
566 993 676 1078 ibique
699 993 900 1058 moriturum.
945 992 1045 1058 Facta
1068 998 1148 1058 sunt

60 1115 68 1128 =
119 1081 234 1146 omnia.
282 1082 449 1149 Praeterea
473 1083 636 1148 accedenti
656 1082 883 1168 Carthaginem
903 1082 1147 1168 egredientique

118 1192 198 1234 nave
223 1173 332 1237 eadem
356 1174 460 1258 figura
483 1173 517 1236 in
539 1173 634 1237 litore
659 1173 835 1237 occurrisse
862 1175 1018 1236 narratur.
1071 1170 1148 1256 Ipse
1168 1193 1193 1232 ιο

119 1264 205 1324 certe
229 1262 406 1345 implicitus
431 1263 544 1327 morbo
574 1263 683 1327 futura
710 1262 906 1346 praeteritis,
936 1261 1070 1325 adversa
1100 1283 1148 1326 se·

27 1378 37 1383 ·
120 1350 232 1413 cundis
257 1355 432 1437 auguratus
451 1374 541 1435 spem
562 1353 674 1416 salutis
693 1352 783 1415 nullo
804 1372 935 1416 suorum
955 1350 1147 1433 desperante

119 1440 262 1521 proiecit.

84 1543 101 1588 4
188 1527 255 1591 lam
279 1529 359 1593 illud
383 1553 490 1594 nonne
521 1542 554 1594 et
581 1530 684 1616 magis
712 1529 856 1593 terribile
884 1532 916 1592 et
944 1550 1010 1592 non
1037 1528 1147 1594 minus

85 1618 237 1679 emirum
262 1622 323 1700 est,
348 1619 434 1700 quod
458 1640 630 1702 exponam,
658 1625 695 1683 ut
722 1617 853 1702 accepi?
898 1617 979 1681 Erat
1006 1615 1194 1682 Athenian

121 1706 262 1787 spatiosa
281 1710 314 1769 et
333 1728 434 1790 capax
454 1709 582 1791 domus,
602 1708 657 1773 sed
675 1707 805 1772 infamis
825 1710 857 1771 et
875 1706 1038 1791 pestilens.
1085 1705 1149 1772 Per

121 1793 284 1858 silentium
318 1797 423 1861 noctis
455 1819 552 1861 sonus
583 1798 659 1862 ferri
689 1801 735 1879 et,
759 1798 786 1860 si
819 1796 998 1860 attenderes
1032 1797 1148 1880 acrius,

121 1884 272 1965 strepitus
297 1884 499 1949 vinculorum
522 1886 651 1971 longius
676 1886 794 1970 primo,
819 1886 933 1950 deinde
957 1908 973 1949 e
997 1886 1148 1967 proximo

120 1973 324 2037 reddebatur:
361 1996 437 2038 mox
474 1976 650 2059 apparebat
686 1975 809 2057 idolon,
847 1996 944 2039 senex
980 1975 1082 2039 macie
1118 1980 1150 2040 et

122 2064 270 2144 squalore
299 2064 478 2146 coniectus,
505 2065 664 2147 promissa
693 2063 806 2145 barba,
836 2063 981 2128 horrenti
1015 2064 1150 2148 capill03
1169 2084 1194 2122 n

122 2153 268 2216 cruribus
293 2153 476 2237 compedes,
498 2154 646 2217 manibus
671 2157 797 2217 catenas
817 2153 949 2238 gerebat
971 2153 1150 2234 quatiebat·

88 2255 192 2321 tque.
239 2240 316 2306 lnde
345 2243 601 2308 inhabitantibus
630 2243 737 2306 tristes
767 2241 918 2324 diraeque
948 2246 1060 2307 noctes
1091 2265 1150 2326 per

122 2334 242 2392 metum
267 2331 499 2416 vigilabantur3
523 2332 668 2417 vigiliam
692 2331 823 2396 morbus
848 2338 880 2395 et
904 2335 1066 2396 crescente
1084 2332 1150 2395 for-

88 2411 95 2422 '
123 2417 242 2482 midine
261 2442 348 2484 mors
368 2424 568 2504 sequebatur.
610 2421 695 2486 Nam
715 2422 855 2485 interdiu
875 2443 1019 2504 quoque,
1038 2443 1149 2504 quam·

62 2549 68 2566 2
123 2529 219 2588 quam
257 2508 453 2575 abscesserat
492 2512 614 2596 imago,
658 2512 813 2575 memoria
851 2510 1002 2595 imaginis
1045 2511 1191 2576 oculissi

123 2597 297 2679 inerrabat,
314 2599 506 2684 longiorque
526 2601 630 2665 causis
649 2601 775 2664 timoris
794 2600 892 2663 timor
910 2604 986 2663 erat.
1015 2599 1151 2664 Deserta

123 2685 197 2749 inde
221 2690 252 2749 et
276 2686 425 2752 damnata
448 2690 621 2754 solitudine
645 2690 759 2754 domus
783 2692 915 2772 totaque
934 2688 984 2752 illi
1003 2693 1150 2754 monstro

123 2776 248 2859 relicta3
272 2777 533 2859 proscribebatur
555 2783 678 2862 tamen,
702 2801 757 2843 seu
782 2778 853 2860 quis
877 2800 981 2842 emere
1000 2800 1056 2843 seu
1077 2779 1150 2861 quis

90 2866 301 2931 tconducere
334 2867 464 2952 ignarus
494 2869 577 2931 tanti
609 2869 686 2931 mali
716 2868 820 2932 vellet.
874 2866 973 2931 Venit
1005 2865 1150 2932 Athenas

125 2954 338 3039 philosophus
363 2956 603 3039 Athenodorus,
627 2958 707 3042 legit
729 2958 861 3020 titulum
886 2956 1061 3040 auditoque
1081 2979 1149 3040 pre·
1168 2977 1192 3019 ar

125 3043 184 3125 tie,
209 3046 285 3126 quia
309 3050 457 3129 suspecta
480 3047 586 3109 vilitas
593 3095 602 3128 ,
629 3049 856 3129 percunctatus
881 3045 990 3110 omnia
1018 3046 1151 3110 docetur

125 3153 162 3194 ac
180 3133 282 3197 nihilo
298 3136 417 3217 minus,
438 3135 535 3200 immo
555 3139 647 3200 tanto
666 3135 770 3220 magis
790 3135 949 3200 conducit.
997 3133 1062 3200 Ubi
1082 3156 1151 3200 coe-

125 3222 174 3302 pit
202 3223 476 3307 advesperascere,
504 3225 594 3288 iubet
623 3226 723 3289 sterni
752 3224 814 3288 sibi
843 3224 877 3287 in
904 3223 1008 3307 prima
1036 3224 1150 3288 domus

125 3315 229 3393 parte,
252 3314 358 3395 poscit
381 3314 569 3399 pugillares,
592 3315 716 3396 stilum,
739 3314 863 3377 lumen:
887 3334 963 3378 suos
987 3335 1097 3377 omnes
1118 3314 1152 3376 in

198 3458 212 3503 2
233 3451 307 3505 obse.
324 3452 510 3524 <quaestori>
526 3452 582 3506 obt.
598 3454 726 3507 Momms.
748 3454 843 3507 Herm.
859 3454 914 3506 III
932 3458 984 3507 107
1003 3453 1063 3506 coll.
1087 3454 1150 3507 Tac.

112 3538 179 3572 arm
195 3524 305 3577 Xlel.
384 3531 419 3580 26
433 3523 605 3580 inhaerebat
615 3541 671 3596 pc.
684 3557 716 3564 -
726 3524 837 3578 timoris
852 3540 904 3577 om.
920 3524 963 3576 M.
1037 3529 1071 3577 2⁸1
1087 3524 1152 3578 soli-

98 3590 200 3644 tudini
214 3599 254 3648 JV.
270 3597 418 3655 Hermirm
436 3601 470 3656 r'rr
491 3600 541 3658 Ov.
558 3618 624 3658 rem.
642 3603 705 3656 301.
780 3593 1100 3656 aeneam-1·
1192 3617 1193 3622 ’
