2400 3862
380 180 642 236 EPISTULARUM
659 181 686 235 11
705 187 748 249 11,
768 185 810 235 so.
1063 184 1105 251 57

59 348 220 412 salutem
244 345 306 408 filii
328 345 509 428 peierasset.
554 343 646 409 Facit
667 346 731 410 hoc
749 343 893 432 Regulus
917 367 983 410 non
1001 347 1108 410 minus
1127 367 1143 414 1

60 437 237 502 scelerate
262 455 358 517 quam
386 434 584 517 frequenter,
618 435 704 518 quod
735 434 816 499 iram
849 435 994 518 deorum,
1027 457 1108 519 quos

60 527 142 610 ipse
179 522 303 588 cotidie
326 523 424 606 fallit,
452 525 486 587 in
513 528 611 607 caput
638 524 776 588 infelicis
804 526 897 609 pueri
924 525 1108 589 detestatur.

129 613 288 678 Velleius
306 611 456 695 Blaesus,
478 613 533 677 ille
551 615 695 697 locuples
720 615 912 698 consularis,
933 613 1142 680 novissimas

29 702 270 775 svaletudine
302 702 562 766 conflictabatur:
600 702 750 786 cupiebat
781 708 906 769 mutare
937 706 1108 768 testamen·

62 799 156 859 tum.
209 789 369 876 Regulus,
392 792 449 875 qui
472 796 614 875 speraret
642 792 765 874 aliquid
793 816 832 857 ex
859 794 951 857 noris
980 792 1108 874 tabulis,

64 885 154 968 quia
182 902 288 965 nuper
310 887 438 964 captare
462 903 535 945 eum
555 885 716 965 coeperat,
740 882 880 946 medicos
899 882 1036 963 hortari,
1059 904 1108 946 ro·

65 995 171 1059 gare,
193 991 324 1053 quoquo
343 971 439 1034 modo
459 971 608 1054 spiritum
626 971 752 1035 homini
770 975 989 1056 prorogarent.
1017 970 1108 1035 Post·
1127 988 1143 1037 8

67 1083 182 1146 quam
221 1060 383 1144 signatum
425 1063 474 1124 est
514 1063 756 1140 testamentum,
795 1064 898 1124 mutat
928 1082 1108 1143 personam,

29 1148 443 1219 11111111111111111111111
470 1148 636 1231 isdemque
664 1148 810 1214 medicis:
839 1148 1027 1231 ‘Quousque
1052 1150 1108 1214 mi-

69 1260 192 1306 serum
217 1237 388 1302 cruciatis?
412 1238 488 1321 quid
512 1237 662 1302 invidetis
692 1239 776 1302 bona
803 1239 930 1321 mortis,
958 1239 1010 1303 cui
1034 1239 1107 1301 dare
1181 1247 1183 1250 ‘

70 1331 186 1393 vitam
219 1349 284 1390 non
316 1326 489 1410 potestis?'
535 1327 673 1391 Moritur
702 1324 836 1392 Blaesus
867 1333 912 1409 11,
941 1335 1107 1410 tamquam

73 1417 195 1482 omnia
209 1415 359 1499 audisset,
378 1415 504 1500 Regulo
523 1439 563 1480 ne
579 1417 742 1481 tantulum
761 1417 899 1500 quidem.
933 1414 1107 1480 Sufficiunt
1126 1434 1142 1481 1

75 1507 167 1571 duae
194 1505 337 1587 fabulae,
360 1528 401 1569 an
425 1505 617 1571 scholastica
640 1507 712 1588 lege
735 1506 863 1569 tertiam
887 1503 1017 1589 poscis?
1046 1511 1107 1587 est,

29 1625 56 1664 11
75 1595 171 1660 unde
193 1594 259 1658 fiat.

142 1683 289 1764 Aurelia,
307 1689 420 1747 ornata
437 1683 566 1767 femina,
581 1685 746 1769 signatura
760 1687 987 1748 testamentum
1002 1705 1108 1765 sump·
1128 1701 1161 1750 10

80 1779 171 1838 serat
197 1772 429 1857 pulcherrimas
457 1773 591 1838 tunicas.
637 1771 781 1859 Regulus
809 1794 882 1836 eum
905 1773 1046 1836 venisset
1069 1771 1107 1834 ad

80 1862 294 1948 signandum,
317 1859 443 1946 ‘Rogo'
466 1862 584 1945 inquit,
609 1862 681 1926 ‘has
710 1862 790 1925 mihi
819 1860 930 1947 leges'.
976 1859 1108 1925 Aurelia
1128 1880 1160 1926 11

79 1952 195 2017 ludere
218 1950 382 2015 hominem
405 1951 554 2035 putabat,
577 1952 632 2015 ille
656 1952 737 2016 serio
757 1952 911 2033 instabat3
933 1972 973 2013 ne
997 1950 1108 2031 multa,

33 2068 64 2107 11
82 2041 193 2126 coegit
216 2041 381 2104 mulierem
407 2041 529 2124 aperire
556 2040 683 2103 tabulas
712 2061 748 2104 ac
777 2040 838 2104 sibi
860 2039 1001 2120 tunicas,
1029 2060 1107 2121 quas

83 2134 155 2195 1111
185 2128 312 2210 induta,
343 2131 465 2215 legare,
502 2130 685 2193 observavit
717 2129 922 2209 scribentem,
959 2127 1108 2210 inspexit,

82 2242 128 2284 an
157 2218 347 2302 scripsisset.
391 2218 435 2282 Et
463 2216 596 2282 Aurelia
628 2218 757 2300 quidem
789 2218 882 2299 vivit,
915 2217 968 2280 ille
1000 2221 1108 2280 tamen

81 2308 172 2374 istud
194 2317 360 2390 tamquam
383 2307 571 2371 morituram
602 2307 715 2392 co'egit.
761 2306 805 2370 Et
831 2307 885 2370 hic
907 2305 1108 2389 hereditates,

82 2396 140 2462 hic
161 2399 282 2482 legata,
307 2397 399 2480 quasi
422 2400 593 2478 mereatur,
616 2397 742 2478 accipit.

38 2513 65 2553 11
144 2485 241 2551 Ἀλλὰ
268 2487 304 2550 τί
325 2486 529 2566 διατείνομαι
551 2486 582 2547 in
608 2507 645 2549 ea
664 2485 805 2566 civitate,
820 2483 854 2547 in
878 2506 942 2566 qua
960 2483 1024 2547 iarn
1044 2484 1108 2567 pri·
1128 2502 1160 2550 12

85 2576 158 2640 dem
182 2597 249 2640 non
276 2575 403 2638 minora
429 2574 585 2658 praemia,
618 2574 717 2637 immo
750 2574 873 2637 maiora
900 2573 1044 2655 nequitia
1076 2577 1108 2636 et

83 2664 277 2749 improbitas
301 2686 398 2746 quarn
421 2664 526 2746 pudor
549 2669 581 2727 et
605 2663 706 2726 virtus
729 2662 869 2726 habent?
906 2662 1023 2745 Aspice
1047 2660 1105 2725 Re·
1127 2680 1160 2728 11

84 2754 211 2838 gelum,
241 2752 298 2837 qui
321 2774 361 2816 ex
388 2774 528 2836 paupere
556 2756 588 2816 et
615 2752 705 2816 tenui
735 2752 775 2815 ad
807 2759 912 2816 tantas
944 2772 1019 2834 opes
1050 2772 1108 2833 per

84 2842 210 2928 flagitia
232 2841 404 2926 processit,
426 2848 464 2905 ut
483 2842 552 2925 ipse
575 2841 655 2904 mihi
674 2841 804 2923 dixerit,
823 2862 896 2905 cum
916 2840 1107 2922 consuleret,

40 2957 66 2998 eo
85 2952 182 3014 quam
217 2932 282 2994 cito
306 2931 488 2995 sestertium
512 2930 682 2995 sescenties
712 2929 903 3013 impleturus
936 2933 1032 3010 esset,
1061 2929 1107 2992 in-

83 3021 210 3085 venisse
235 3041 268 3083 se
288 3023 361 3083 exta
379 3019 555 3103 duplicata,
575 3019 692 3103 quibus
711 3018 860 3102 portendi
878 3017 982 3081 milies
1002 3024 1034 3081 et
1052 3018 1108 3081 du·

157 3218 171 3266 1
187 3211 358 3280 perierasset
368 3213 405 3266 K.
415 3213 458 3278 ΙΙ,
473 3210 683 3280 perierierasset
698 3211 736 3264 M
745 3211 775 3274 V,
791 3210 945 3278 peierasset
960 3209 1105 3277 Rchq

85 3284 123 3337 K.
134 3285 160 3348 1,
181 3282 307 3352 perieras
326 3284 375 3337 sed
394 3284 433 3337 D.
508 3290 539 3336 11
555 3281 630 3335 bona
644 3281 743 3334 mortis
758 3281 825 3335 RF
842 3280 888 3347 (cf.
899 3297 1001 3349 puceu.
1016 3284 1060 3346 32,
1074 3285 1092 3334 2
1097 3301 1108 3345 ;

85 3359 129 3420 36,
140 3357 180 3422 4),
195 3352 272 3408 bons
285 3358 375 3408 morte
390 3355 429 3410 M
437 3355 467 3420 V,
480 3355 527 3420 K,
544 3353 651 3418 Muell,
668 3351 771 3406 bonam
786 3356 905 3405 mortem
915 3353 944 3405 D
948 3369 1030 3420 pra,
1045 3352 1107 3406 uide

85 3427 203 3492 11111,
222 3431 272 3492 12;
291 3427 569 3492 1111111111
589 3426 748 3491 111111·
762 3424 811 3478 IX
825 3428 867 3490 13,
879 3428 1020 3492 5,·11119.
1035 3425 1107 3488 saa

86 3496 134 3563 (cs.
152 3497 267 3567 Quintil.
283 3497 371 3563 1Χ3,
388 3500 425 3565 1).
505 3503 537 3550 12
556 3497 709 3550 moriturus
730 3495 845 3549 Blaesus
863 3496 1010 3562 tamquam
1029 3495 1066 3548 M
1077 3494 1105 3547 V.

87 3571 119 3620 11
140 3567 285 3634 duplicata
301 3569 432 3639 Πρω,
457 3568 532 3641 Octo,
553 3568 684 3643 duplicia
704 3567 972 3638 1111111111,
