2400 3862
103 186 147 252 56
542 184 569 239 Ο.
585 184 685 239 PLlNI

103 348 208 412 inesse
226 349 475 432 repetundarum
495 349 573 434 legi,
593 349 680 433 quod
699 349 950 434 postularemus,
974 368 1050 413 cum
1069 349 1132 413 hac
1182 348 1185 353 ’

103 438 174 520 ipsa
196 438 267 523 lege
289 440 359 501 tum
379 438 450 501 eliis
470 439 688 523 colligendum
712 439 792 521 fuit3
816 438 903 521 quod
922 458 1132 521 nequaquam

104 526 258 590 blandum
269 526 399 592 auribus
409 527 633 611 imperitorum
643 531 734 592 tanto
749 526 903 592 maiorem
918 527 1004 611 apud
1014 527 1131 592 doctos

104 616 220 679 habere
244 615 381 700 gratiam
405 616 511 699 debet,
536 620 656 700 quanto
680 617 838 681 minorem
866 618 951 700 apud
978 615 1131 680 indoctos
1190 630 1192 643 '

68 705 209 769 thabat.
264 702 333 768 Nos
367 709 489 788 autem,
522 707 549 769 si
580 707 739 788 placuerit
769 705 919 788 recitare,
951 704 1163 769 adhibituris

105 816 214 858 sumus
238 793 490 859 eruditissimum
519 816 685 878 quemque.
732 793 795 859 Sed
821 795 918 879 plane
945 793 1066 877 adhuc,
1089 817 1133 858 an

105 884 147 947 sit
174 882 388 966 recitandum,
426 884 573 947 examine
601 889 708 949 tecum
736 905 924 966 omnesque,
956 904 1038 966 quos
1069 905 1132 969 ego

104 973 205 1054 movi,
228 971 263 1034 in
286 976 421 1054 utraque
445 978 536 1056 parte
564 974 705 1037 calculos
732 995 816 1056 pone
843 972 940 1057 idque
967 972 1068 1057 elige,
1097 975 1131 1036 in

105 1083 169 1145 quo
194 1060 306 1125 vicerit
328 1063 419 1126 ratio.
461 1063 491 1125 A
514 1066 545 1125 te
569 1062 654 1127 enim
677 1063 759 1127 ratio
779 1063 938 1148 exigetur,
956 1083 1016 1126 nos
1036 1083 1133 1127 excu-

105 1149 190 1214 sabit
213 1150 411 1232 obsequium.
458 1149 548 1215 Vale.
1151 1178 1176 1223 ιο

587 1317 650 1375 XX.

357 1442 387 1493 C.
405 1442 552 1493 PLINIUS
572 1442 743 1493 CALVISIO
764 1442 833 1492 SUO
853 1442 880 1493 S.

71 1577 84 1624 1
163 1559 278 1624 Assem
297 1583 375 1643 para
389 1565 421 1623 et
435 1561 543 1644 accipe
558 1583 686 1624 auream
700 1560 857 1642 fabulam,
874 1560 1001 1624 fabulas
1015 1560 1134 1645 immo,

105 1672 180 1713 nam
204 1670 255 1712 me
283 1651 428 1732 priorum
458 1670 543 1713 nova
573 1648 755 1732 admonuit,
783 1671 842 1714 nec
872 1649 985 1732 refert,
1018 1672 1037 1713 a
1067 1671 1135 1733 qua

70 1753 86 1800 2
106 1739 311 1822 potissimum
335 1738 496 1822 incipiam.
533 1736 674 1802 Verania
693 1737 819 1803 Pisonis
839 1739 979 1824 graviter
997 1739 1134 1824 iacebat,
1153 1767 1176 1808 rs

106 1828 201 1891 huius
226 1827 297 1891 dico
321 1825 461 1909 Pisonis,
491 1848 586 1910 quem
611 1825 712 1891 Galba
742 1827 915 1911 adoptavit.
966 1826 1019 1892 Ad
1047 1829 1134 1894 hanc

107 1915 250 2002 Regulus
269 1915 365 1979 venit.
403 1914 547 1980 Primum
570 1917 803 2000 impudentiam
822 1916 976 1997 hominis,
1000 1917 1058 2001 qui
1079 1940 1134 1982 ve-

106 2008 190 2070 nerit
213 2006 253 2069 ad
276 2027 420 2090 aegram,
450 2005 540 2069 cuius
573 2005 689 2069 marito
720 2005 974 2088 inimicissimus,
997 2007 1061 2090 ipsi
1084 2007 1134 2072 in·

72 2108 87 2156 3
107 2096 286 2160 visissimus
310 2094 427 2158 fuerat!
472 2093 568 2176 Esto,
591 2095 619 2159 ei
637 2095 726 2158 venit
744 2099 884 2158 tantum:
908 2097 941 2158 at
959 2095 1015 2159 ille
1034 2096 1134 2160 etiam

106 2185 272 2268 proximus
295 2187 368 2247 toro
392 2182 487 2258 sedit,
511 2205 574 2267 quo
599 2183 664 2267 die,
687 2206 751 2266 qua
773 2185 854 2248 hora
871 2188 947 2248 nata
965 2189 1061 2268 esset,
1085 2185 1134 2249 in·
1152 2215 1178 2254 20

107 2274 291 2358 terrogavit.
337 2272 403 2338 Ubi
418 2272 532 2354 audiit,
552 2274 718 2356 componit
732 2273 871 2355 vultum,
888 2272 1028 2338 intendit
1058 2295 1135 2338 ocu-

107 2365 172 2445 los,
196 2368 304 2425 movet
326 2363 429 2444 labra,
452 2362 553 2448 agitat
577 2362 708 2446 digitos,
737 2365 912 2446 computet.
948 2361 1050 2428 Nihil.
1085 2361 1135 2429 Ut

108 2451 164 2515 diu
195 2452 343 2514 miseram
382 2451 605 2534 expectatione
638 2451 819 2534 suspendit,
853 2449 993 2515 ‘Habes'
1025 2453 1135 2535 inquit

72 2552 90 2600 4
109 2540 375 2605 ‘climactericum
390 2548 532 2623 tempus,
547 2541 601 2605 sed
621 2541 743 2605 evades.
781 2539 874 2616 Quod
893 2546 930 2604 ut
948 2540 1008 2605 tibi
1027 2543 1134 2627 magis

107 2631 242 2713 liqueat,
275 2629 478 2711 haruspicem
511 2632 685 2712 consulam,
719 2652 814 2712 quem
847 2651 918 2693 sum
946 2629 1136 2714 frequenter
1153 2659 1180 2701 ει

73 2730 89 2777 5
109 2718 280 2803 expertus'.
325 2717 395 2782 Nec
419 2741 521 2801 mora,
546 2719 737 2783 sacrificium
760 2719 853 2802 facit,
882 2719 1031 2783 adfirmat
1059 2724 1136 2785 exta

109 2832 182 2873 cum
207 2809 346 2872 siderum
371 2807 606 2892 significatione
626 2830 810 2893 congruere.
856 2806 916 2871 Illa
938 2809 1028 2872 utin
1050 2810 1136 2891 peri-

110 2899 182 2962 culo
207 2897 336 2961 credule
358 2897 463 2979 poscit
487 2898 666 2980 codicillos,
688 2899 832 2982 legatum
855 2896 982 2982 Regulo
1011 2898 1135 2965 scribit.

109 2986 187 3050 Mox
219 2986 426 3071 ingravescit,
459 2987 577 3050 clamat
615 2987 755 3050 moriens
787 2985 951 3050 hominem
984 3009 1135 3072 nequam,

110 3076 267 3159 perfidum
291 3098 328 3139 ac
351 3076 424 3158 plus
448 3077 545 3139 etiam
576 3097 672 3157 quam
695 3076 871 3159 periurum,
903 3076 958 3159 qui
982 3076 1044 3141 sibi
1075 3099 1137 3161 per
1153 3106 1182 3146 eo

185 3292 199 3339 1
220 3301 280 3338 esse
300 3287 403 3354 RFp,
428 3286 519 3340 inesse
538 3286 595 3338 rell.
693 3291 708 3338 9
728 3287 857 3355 exigetur
876 3287 1002 3354 RFps,
1020 3286 1134 3356 Stangl,

112 3356 201 3425 exigit
220 3357 257 3409 M
266 3358 296 3423 V,
315 3358 439 3425 exigitur
457 3359 495 3422 D,
516 3357 563 3422 K,
584 3356 695 3424 exigere
713 3375 736 3410 r.
818 3363 852 3410 18
872 3358 927 3426 ipsi
946 3358 1134 3411 invisissimus

112 3445 162 3483 oen.
183 3430 220 3483 M
225 3429 300 3482 Vre.
338 3434 371 3480 29
391 3431 422 3482 ia
437 3430 464 3483 R
479 3435 541 3482 ante
561 3427 702 3482 hominem
717 3446 776 3482 aaa
790 3429 882 3483 littero
896 3446 986 3495 erasa,
1010 3445 1026 3482 o
1043 3430 1133 3483 homi-

104 3516 172 3551 nem
190 3501 306 3567 Fpra,
331 3501 405 3568 quod
428 3502 499 3554 tueri
517 3502 609 3569 possis
632 3517 692 3553 earu
717 3501 814 3554 Maeli.
834 3508 859 3554 et
878 3502 964 3555 Merr.
984 3503 1026 3555 ita
1047 3503 1132 3555 tater-

80 3583 237 3635 puayens:
259 3571 295 3625 ‘0
312 3572 463 3627 bominem
485 3614 608 3630 ......
626 3572 798 3644 periuruml’
820 3572 880 3639 qui.
