2400 3862
122 210 143 274 2
565 204 593 260 o.
612 204 711 258 rann

86 369 256 453 sadsequi
285 372 429 453 possunt.
475 367 545 434 Nec
572 368 706 434 materia
733 368 804 452 ipsa
830 367 907 432 huic
936 363 1077 453 (vereor,
1106 390 1149 432 ne

122 459 268 542 improbe
283 457 402 543 dicem)
417 457 625 523 aemulationi
641 457 847 544 repugnavit3
862 460 930 521 erat
944 456 1029 521 enim
1043 477 1149 540 prope

121 552 191 612 tota
218 549 253 611 in
281 547 487 612 contentione
514 546 654 630 dicendi,
682 547 768 632 quod
791 568 843 610 me
865 547 982 631 longae
1006 544 1148 610 desidiae

122 635 369 701 indormientem
399 637 565 720 excitavit,
598 635 745 702 simodo
769 636 796 699 is
821 656 892 699 sum
914 656 990 721 ego,
1013 634 1070 718 qni
1094 657 1148 700 ex·

86 725 214 790 scitari
236 726 367 809 possim.
412 724 489 790 Non
511 729 620 790 tamen
643 726 774 791 omnino
797 723 898 789 Marci
921 724 1024 790 nostri
1047 724 1148 808 ληκύ-
1177 742 1188 783 e

121 821 208 890 θους
235 815 393 900 fugimus,
424 815 573 899 quotiens
600 815 734 899 paulum
761 814 876 878 itinere
905 812 1055 877 decedere
1079 835 1147 878 non

121 904 355 986 intempestivis
384 903 632 968 amoenitatibus
655 903 918 985 admonebamur3
946 923 1034 967 acres
1058 903 1146 967 enim

87 1005 102 1052 5
122 1014 205 1076 esse,
226 1014 294 1056 non
316 994 424 1057 tristes
448 993 645 1057 volebamus.
686 991 756 1056 Nec
780 996 842 1076 est,
866 991 952 1075 quod
976 995 1070 1075 putes
1095 1015 1146 1056 me

122 1083 182 1147 sub
200 1082 262 1146 hac
280 1083 468 1166 exceptione
486 1082 612 1146 veniam
631 1082 804 1165 postulare.
840 1080 936 1164 Nam,
957 1103 1021 1164 quo
1041 1082 1146 1167 magis

122 1172 286 1235 intendam
309 1171 421 1235 limam
445 1175 544 1253 tuam,
568 1171 746 1235 confitebor
769 1174 801 1235 et
823 1170 930 1254 ipsum
951 1192 1001 1234 me
1020 1173 1053 1234 et
1072 1191 1146 1235 con·
1164 1174 1186 1226 1⁶

121 1261 305 1325 tubernales
329 1261 370 1324 ab
394 1260 533 1324 editione
556 1283 623 1325 non
646 1261 827 1343 abhorrere,
850 1260 878 1324 si
901 1258 997 1324 modo
1021 1263 1058 1323 tu
1082 1259 1153 1324 for-⁰

87 1362 102 1411 6
121 1354 206 1414 tasse
225 1350 325 1414 errori
347 1353 459 1415 nostro
479 1350 588 1413 album
606 1350 766 1415 calculum
785 1348 945 1413 adieceris.
982 1347 1043 1412 Est
1060 1349 1146 1413 enim

121 1440 216 1522 plane
235 1438 357 1522 aliquid
377 1437 534 1503 edendum
549 1476 593 1484 —
607 1447 702 1522 atque
716 1438 841 1503 utinam
854 1437 917 1502 hoc
931 1438 1146 1521 potissimum,

123 1528 208 1610 quod
232 1531 380 1611 paratum
404 1533 453 1592 est
476 1525 582 1614 (audis
601 1528 741 1592 desidiae
760 1525 900 1612 votum)l
920 1563 963 1572 -
987 1525 1146 1591 edendum

122 1620 229 1680 autem
257 1638 296 1680 ex
323 1617 469 1700 pluribus
498 1617 617 1700 causis,
646 1617 784 1681 maxime
808 1615 895 1700 quod
917 1616 1032 1698 libelli,
1063 1637 1145 1699 quos
1163 1631 1185 1672 ¹⁵

122 1705 300 1788 emisimus,
338 1705 490 1770 dicuntur
524 1707 558 1769 in
592 1707 741 1771 manibus
776 1727 858 1789 esse,
897 1705 1044 1788 quamvis
1079 1705 1145 1769 iarn

122 1795 259 1880 gratiam
286 1794 440 1858 novitatis
465 1795 623 1879 exuerint3
652 1796 717 1860 nisi
738 1799 848 1859 tamen
870 1794 1001 1858 auribus
1024 1795 1145 1858 nostris

121 1884 318 1967 bibliopolae
347 1884 565 1948 blandiuntur.
619 1883 682 1949 Sed
712 1906 788 1949 sane
817 1883 1037 1962 blandiantur,
1068 1882 1145 1947 dum

121 1995 179 2125 per
205 1974 267 2038 hoc
295 1973 497 2038 mendacium
524 1973 619 2038 nobis
647 1973 754 2039 studia
779 1976 889 2037 nostra
912 1972 1145 2037 commendent.

154 2063 211 2126 ale.
1164 2076 1188 2118 eo

605 2175 661 2233 IH.

327 2318 358 2368 O.
373 2317 521 2369 PLINIUS
541 2317 690 2371 CANINIO
710 2318 809 2369 RUFO
830 2317 898 2369 SUO
919 2317 946 2368 S.

88 2465 101 2513 1
194 2452 278 2529 Quid
297 2453 365 2539 agit
380 2451 523 2537 Comum,
542 2457 616 2518 tuae
635 2476 789 2537 meaeque
808 2453 960 2519 deliciae?
980 2454 1057 2539 quid
1072 2457 1145 2520 sub·

121 2543 281 2606 urbanum
303 2543 586 2607 amoenissimum?
610 2543 687 2626 quid
710 2545 767 2608 illa
785 2546 929 2627 porticus
947 2566 1045 2608 verna
1064 2567 1144 2609 sem-

121 2631 200 2714 per?
230 2631 308 2714 quid
335 2633 491 2716 platanon
515 2632 749 2716 opacissimus?
778 2634 855 2716 quid
879 2634 1008 2716 euripus
1031 2633 1144 2699 viridis
1163 2657 1190 2698 ee

122 2725 154 2784 et
184 2721 370 2806 gemmeus?
401 2720 478 2804 quid
507 2721 670 2786 subiectus
698 2726 730 2787 et
757 2724 897 2787 serviens
925 2722 1035 2786 lacus?
1066 2725 1144 2805 quid

122 2810 178 2872 illa
211 2811 318 2875 mollis
351 2814 383 2874 et
412 2814 522 2874 tamen
550 2810 654 2876 solida
683 2811 842 2896 gestatio?
873 2810 949 2892 quid
978 2812 1144 2877 balineum

121 2898 217 2982 illud,
245 2899 331 2982 quod
354 2899 512 2983 plurimus
536 2901 587 2965 sol
609 2900 722 2984 implet
745 2905 776 2964 et
795 2901 964 2964 circumit?
992 2900 1070 2985 quid
1088 2903 1144 2965 tri-

122 2988 220 3052 clinia
242 2988 299 3052 illa
321 2990 504 3073 popularia,
526 2989 584 3054 illa
605 2988 803 3074 paucorum?
827 2990 904 3071 quid
928 2990 1075 3054 cubicula
1099 2991 1144 3054 di·

193 3241 210 3288 4
228 3237 261 3289 nt
273 3251 330 3290 exc.
342 3237 380 3290 M
389 3238 440 3292 Vs.
482 3243 498 3290 t
513 3237 604 3292 nostri
613 3253 663 3291 om,
674 3237 755 3290 DM.
768 3268 798 3274 -
815 3236 850 3302 cf.
857 3237 912 3291 Cic.
923 3238 1025 3291 auno.
1037 3239 1055 3291 1
1064 3242 1105 3303 ll,
1116 3244 1141 3292 3.

123 3312 137 3359 6
163 3306 346 3375 quotiens..
368 3349 373 3360 .
398 3307 620 3363 admonebamnr
642 3308 710 3363 RF
717 3308 746 3361 D
752 3319 842 3374 psa,
863 3309 896 3361 ut
920 3308 1006 3361 etiam
1025 3307 1142 3376 paulum

121 3379 222 3431 itinere
242 3378 365 3432 cedendo
379 3379 586 3448 intempestivis
606 3378 824 3433 amoenitatibus
839 3377 1036 3433 submovemur
1046 3381 1084 3433 M
1092 3381 1141 3435 Vr.

122 3454 209 3503 8non
222 3449 318 3503 tristes
333 3465 394 3504 esse
408 3451 526 3520 RFpr.
600 3455 632 3503 11
648 3450 731 3505 modo
745 3466 802 3503 non
816 3450 881 3503 fort.
897 3453 936 3505 Μ
946 3451 976 3505 V.
1043 3455 1075 3503 13
1091 3451 1142 3505 ali-

122 3521 191 3588 quid
215 3520 300 3588 plane
324 3523 363 3575 M
371 3521 426 3574 Vs.
505 3526 539 3574 14
558 3520 658 3574 audias
677 3522 750 3576 MV.
830 3526 863 3575 18
881 3521 1067 3575 blandiantur
1090 3540 1140 3577 om.

122 3590 212 3660 RFp
222 3609 244 3645 r.
318 3597 353 3646 26
372 3591 514 3646 subiectus
533 3591 655 3646 seruans
674 3593 746 3648 RF.
