2400 3862
392 148 652 244 derernimus
669 189 682 242 1
701 196 744 245 ιι.
1036 194 1079 258 25

105 353 168 435 eur)
191 357 257 422 sine
287 355 441 420 facultate
470 375 595 417 summa
622 353 818 439 contigisset.
864 352 950 418 Nem
979 354 1080 419 delec-

106 443 154 527 tere,
172 444 357 530 persuadere
385 442 511 526 copiam
535 442 661 506 dicendi
685 444 889 527 spatiumque
913 442 1079 527 desiderat,

20 612 24 623 Ι
104 531 236 616 relinquere
264 555 341 599 vero
372 533 518 598 aculeum
549 532 583 596 in
611 532 809 596 audientium
837 532 953 597 animis
976 533 1004 597 is
1028 533 1079 597 de-

20 640 28 701 q
103 638 158 685 mm
174 627 290 708 potest,
314 622 370 706 qui
391 643 459 686 non
481 621 610 705 pungit,
635 621 690 687 sed
713 621 827 707 infigit.
869 621 974 705 Adde,
999 644 1079 705 quae
1100 634 1132 682 19

10 738 14 775 ι
82 705 126 770 ede
139 713 234 778 eodem
258 711 381 777 Pericle
405 711 546 775 comicus
570 711 663 774 alter:

19 834 22 859 ¹
96 819 282 911 ἤστραπτ’,
315 825 529 911 ἐβρόντα,
554 826 786 890 σννεκύιια
809 827 879 910 τὴν
899 825 1078 892 Ἐλλάδα.

93 933 147 1004 Non
174 943 256 1008 enim
293 945 459 1027 amputata
491 941 594 1006 oratio
627 947 660 1006 et
692 941 829 1026 abscisa,
866 942 920 1008 sed
952 945 1019 1007 late
1048 946 1080 1006 et

93 1032 230 1114 magnifica
262 1036 295 1097 et
327 1032 453 1096 excelsa
479 1034 588 1114 tonat,
619 1031 777 1116 fulgurat,
806 1033 914 1096 omnia
942 1032 1080 1115 denique

10 1187 13 1221 Ι
90 1122 225 1195 perturbat
248 1144 286 1187 ao
308 1122 429 1186 miscet.
467 1117 626 1203 ‘Optimus
650 1124 759 1184 tamen
777 1120 892 1185 modus
915 1121 989 1185 est':
1009 1121 1080 1204 quis
1099 1132 1133 1181 2ο

59 1222 77 1261 ιι
88 1213 177 1292 neget?
205 1212 260 1276 sed
286 1232 354 1275 nou
382 1210 489 1274 minus
517 1231 583 1273 non
611 1212 717 1274 servat
744 1209 889 1293 modum,
918 1211 973 1293 qui
996 1211 1080 1275 iufra

87 1312 242 1383 remquam
262 1300 318 1384 qui
336 1321 446 1383 supra,
470 1299 526 1382 qui
549 1298 733 1363 adstrictius
758 1320 853 1381 quam
874 1300 929 1382 qui
948 1300 1080 1364 effusius

87 1377 150 1452 dicit.
190 1387 304 1473 Itaque
332 1389 423 1453 audis
451 1387 634 1470 frequenter
657 1391 694 1452 ut
720 1387 815 1452 illud:
844 1388 1021 1453 ‘inmodice
1049 1393 1081 1452 et
1099 1402 1131 1449 21

84 1472 285 1544 redundanter'
316 1478 362 1542 ita
390 1478 466 1541 hoc:
497 1477 612 1541 ‘ieiune
643 1481 674 1541 et
704 1477 852 1541 infirme'.
903 1477 996 1542 Alius
1030 1500 1080 1541 ex-

84 1567 191 1633 cessisse
218 1568 400 1649 materiam,
427 1567 509 1631 alius
534 1567 651 1631 dicitur
673 1588 740 1631 non
764 1567 921 1651 implesse.
968 1567 1080 1650 Aeque

52 1665 69 1706 ιι
82 1653 207 1741 uterque,
226 1656 282 1721 sed
301 1656 355 1721 ille
374 1655 612 1738 imbecillitate,
631 1655 684 1720 hic
702 1656 825 1720 viribus
845 1660 970 1741 peccat3
994 1658 1081 1740 quod

81 1747 158 1830 certe,
179 1747 241 1811 etsi
258 1768 325 1810 non
342 1745 526 1824 limatioris,
550 1745 680 1809 maioris
698 1751 807 1809 tamen
825 1747 948 1830 ingenii
966 1746 1080 1810 vitium

79 1835 121 1898 est.
173 1836 243 1901 Nec
272 1857 363 1917 vero,
400 1856 474 1899 cum
510 1835 590 1898 haec
619 1833 704 1917 dico,
741 1835 834 1898 illum
871 1835 1079 1900 Homericum
1099 1848 1133 1894 22

76 1918 242 2010 ἀμειροεπῆ
266 1924 383 2009 probe,
407 1922 461 1988 sed
484 1924 584 1987 hunc:

108 2041 177 2106 καὶ
200 2037 308 2105 ἔπεα
331 2039 572 2124 νιφάδεσσιν
596 2037 753 2104 ἐοικότα
776 2043 1035 2129 χειμερίῃσιν,

33 2173 126 2221 eonon
149 2158 314 2241 quianon
337 2159 369 2220 et
391 2156 446 2220 ills
469 2155 550 2219 mihi
572 2155 768 2219 validissime
791 2157 928 2239 placeat:

63 2389 89 2452 si
110 2392 218 2453 tamen
246 2389 340 2452 detur
362 2388 492 2470 electio,
519 2389 608 2451 illam
637 2387 815 2451 orationem
839 2388 977 2453 similem
1000 2390 1080 2454 nivi·

61 2479 120 2543 bus
149 2478 307 2560 hibernis,
334 2477 367 2540 id
398 2480 447 2541 est
474 2476 616 2541 crebram
645 2481 677 2540 et
700 2476 864 2541 adsiduam
894 2483 926 2542 et
947 2479 1080 2564 largam,

59 2572 223 2653 postremo
247 2567 389 2632 divinam
413 2570 446 2630 et
468 2566 651 2647 caelestem,
678 2566 762 2630 volo.
809 2565 865 2630 ‘At
888 2571 936 2631 est
959 2570 1081 2652 gratior
1100 2579 1133 2627 23

16 2687 41 2727 ιι
59 2658 171 2722 multis
195 2657 280 2721 actio
304 2655 429 2720 brevis'.
471 2655 547 2737 Est,
571 2654 625 2718 sed
649 2655 823 2737 inertibus,
847 2677 984 2738 quorum
1005 2656 1080 2721 deli-

59 2748 125 2812 cias
157 2745 376 2829 desidiamque
410 2744 502 2828 quasi
533 2742 687 2807 iudicium
719 2745 877 2827 respicere
908 2745 1080 2810 ridiculum

59 2841 117 2901 est.
153 2833 253 2917 Nam,
277 2835 304 2899 si
322 2834 382 2898 hos
401 2833 435 2898 in
454 2832 589 2898 consilio
612 2833 745 2916 habeas,
766 2856 833 2898 non
856 2835 961 2898 solum
980 2835 1080 2900 satius

58 2928 109 2989 est
131 2924 272 2988 breviter
295 2923 413 3005 dicere,
437 2923 493 2986 sed
517 2923 648 2986 omnino
671 2944 738 2986 non
761 2923 874 2987 dicere.
920 2921 1009 2989 Haec
1032 2930 1081 2990 est
1099 2935 1133 2982 24

58 3014 165 3080 adhuc
188 3013 348 3078 sententia
371 3035 456 3094 mea,
480 3034 575 3095 quam
599 3011 747 3094 mutabo,
775 3013 801 3075 si
826 3010 1012 3077 dissenseris
1035 3019 1080 3098 tu,

13 3133 40 3174 eo
58 3104 115 3169 sed
129 3105 241 3188 plane,
265 3124 322 3168 cur
340 3101 524 3183 dissentias,
543 3102 681 3183 explices
699 3122 788 3186 rogo.
827 3099 980 3176 Quamvis
995 3104 1080 3168 enim

133 3301 149 3349 5
168 3297 309 3365 Aristopb.
324 3295 447 3349 Achareo.
456 3297 516 3348 531.
592 3300 645 3348 ἵν.
662 3295 749 3348 Merr.
763 3294 847 3348 Closs.
862 3296 971 3349 Reoicw
987 3297 1084 3350 XVII

53 3384 86 3437 12.
106 3372 149 3422 53.
223 3372 257 3421 18
277 3368 359 3422 Hom.
379 3367 407 3420 B
430 3369 493 3419 212.
568 3371 600 3419 19
626 3366 707 3420 Hom.
728 3369 755 3419 Γ
774 3370 844 3433 222;
867 3367 914 3419 cui
935 3369 977 3421 orl
1000 3367 1079 3421 cuius

57 3455 110 3507 pro
132 3439 182 3492 uui
205 3440 286 3494 Boot.
360 3442 394 3490 20
417 3435 531 3505 placeat
554 3437 646 3510 (qui)
670 3446 766 3505 παῦρα
789 3439 869 3493 Boot.
943 3443 975 3491 21
997 3440 1078 3493 Hom.

60 3514 88 3564 Γ
102 3513 164 3565 214.
238 3516 273 3565 25
297 3509 399 3576 oratio,
424 3509 496 3579 quod
516 3527 570 3583 pro
594 3509 670 3566 actio
694 3510 823 3568 cohibeat
840 3510 917 3566 ΚΛ
937 3516 965 3564 ιι
980 3509 1099 3568 mamb-s

58 3597 190 3648 nusquam
207 3582 343 3637 tradebam
362 3589 410 3640 est.
471 3589 505 3644 28
521 3588 609 3662 prices
630 3588 676 3645 est
695 3604 751 3646 ore.
770 3585 855 3643 MV.
