2400 3862
104 189 170 255 244
524 155 571 241 c.
591 185 690 239 11111

105 349 192 432 quod
229 353 304 434 post
340 348 611 433 intercapedinem
647 351 802 434 temporis
837 355 869 414 01
907 349 1064 435 frigidum
1097 356 1131 416 01

105 439 256 503 0001111111
279 442 335 502 est.
382 437 535 505 Rationes
560 439 652 522 quasi
674 439 805 504 absente
829 461 880 503 me
902 439 1130 525 negleguntur.

70 544 85 590 3
105 525 272 592 Interdum
294 531 402 592 tamen
425 549 544 610 equum
568 528 748 594 conscendo
777 532 810 592 et
832 532 957 612 patrem
985 528 1131 594 familiae

105 617 261 682 hactenus
284 637 360 702 ag0,
391 616 477 700 quod
505 616 647 700 aliquam
674 621 799 700 partem
822 618 1042 702 praediorum,
1073 619 1131 683 ssd

105 727 164 789 pro
188 706 368 791 gestatione
391 727 553 790 percurro.
599 705 649 771 Tu
668 706 934 771 consuetudinem
958 729 1050 772 serva
1073 731 1131 773 no·
1154 730 1166 768 1

105 795 218 878 bisque
242 795 289 859 sic
312 795 440 860 rusticis
464 795 587 859 urbana
610 799 681 860 octa
704 796 873 880 perscribe.
921 795 1011 860 Vale.

575 997 655 1058 XVI.

337 1123 761 1174 C.PL1N1USMAM1L1ANO
781 1122 850 1174 SUO
871 1122 899 1173 S.

72 1264 85 1312 1
174 1240 340 1307 Summam
369 1247 401 1306 te
424 1242 625 1325 voluptatem
653 1241 835 1325 percepisse
862 1263 902 1304 ex
929 1241 992 1305 isto
1021 1242 1132 1326 copio-

106 1332 233 1403 sissimo
262 1352 378 1417 genere
401 1330 538 1394 venandi
565 1353 632 1395 non
658 1331 772 1412 miror,
800 1351 873 1394 cum
901 1330 1131 1395 historicorum
1150 1353 1175 1392 10

107 1442 195 1485 more
233 1420 352 1486 scribas
388 1441 558 1484 numerum
595 1420 670 1484 iniri
706 1442 773 1484 non
809 1420 961 1503 potuisse.
1025 1418 1131 1485 Nobis

106 1511 216 1574 venari
238 1531 299 1573 neo
320 1513 414 1573 vacat
435 1530 496 1573 nec
517 1509 609 1593 libet,
633 1531 699 1575 non
722 1511 828 1592 vacat,
852 1509 928 1591 quia
950 1508 1133 1574 vindemiae

72 1600 141 1666 ain
183 1598 346 1680 manibus,
382 1618 448 1661 non
489 1597 583 1680 libet,
625 1598 700 1682 quia
739 1598 881 1682 exiguas.
933 1596 1132 1662 Devehimus

107 1692 215 1751 tamen
239 1709 298 1770 pro
322 1708 407 1750 novo
432 1690 538 1751 musto
562 1708 664 1751 novos
683 1687 859 1751 versiculos
878 1686 1002 1769 tibique
1020 1686 1132 1751 iucun-

108 1776 237 1840 dissime
252 1775 406 1860 exigenti,
425 1779 461 1838 ut
479 1777 620 1858 primum
640 1775 834 1840 videbuntur
853 1775 1040 1858 defervisse,
1059 1778 1133 1840 mit·
1151 1796 1174 1836 15

108 1869 221 1929 temus.
269 1864 358 1929 Vale.

571 1976 667 2034 XVII.

360 2101 391 2152 C.
406 2102 553 2151 PLINIUS
574 2101 750 2152 GENITORI
770 2103 839 2154 SUO
860 2104 888 2154 S.

75 2240 88 2288 1
176 2221 297 2306 Recepi
327 2221 451 2285 litteras
484 2223 569 2303 tuas,
610 2219 725 2302 quibus
759 2221 900 2303 quereris
932 2220 1038 2285 taedio
1071 2221 1133 2286 tibi

110 2309 208 2374 fuisse
232 2311 378 2394 quamvis
406 2308 620 2374 lautissimam
645 2329 769 2389 cenam,
798 2310 874 2393 quia
896 2331 1036 2394 scurrae,
1068 2311 1134 2375 cin·
1152 2331 1176 2370 11

75 2398 194 2482 200111,
224 2401 385 2464 moriones
419 2397 537 2463 mensis
570 2398 761 2462 inerrabant.
808 2397 868 2463 Vis
900 2403 937 2462 tu
969 2399 1133 2464 remittere

111 2488 234 2571 aliquid
258 2510 297 2551 ex
319 2486 431 2573 rugis?
458 2487 619 2570 Equidem
643 2487 726 2552 nihil
744 2489 809 2552 tale
832 2488 949 2570 habeo,
977 2488 1133 2569 habentes

110 2581 218 2642 10111011
246 2578 323 2641 fero.
371 2575 434 2640 Cur
462 2598 539 2662 ergo
563 2599 630 2641 non
656 2577 781 2642 habeo?
819 2575 901 2653 Quia
928 2598 1133 2661 nequaquam

111 2690 161 2731 me
180 2671 216 2730 ut
240 2668 476 2750 inexpectatum
501 2666 692 2731 festivumve
713 2666 863 2749 delectat,
887 2667 914 2731 si
939 2666 1016 2749 quid
1034 2668 1134 2733 molle

111 2780 129 2820 a
153 2757 299 2837 cinaedo,
326 2755 474 2839 petulans
499 2777 517 2819 a
541 2777 663 2839 scurra,
691 2756 827 2820 stultum
851 2779 870 2819 0
892 2756 1037 2820 morione
1060 2777 1133 2839 pro·
1152 2776 1177 2814 2⁵

76 2864 91 2911 3
111 2846 220 2910 fertur.
258 2844 335 2910 Non
357 2844 529 2926 rationem,
553 2845 606 2909 sed
632 2846 832 2909 stomachum
856 2844 917 2909 tibi
934 2866 1038 2910 narro.
1077 2844 1134 2909 At-

113 2956 174 3017 que
193 2936 272 2999 adeo
292 2955 389 3016 quam
408 2933 529 2997 multos
548 2937 644 3016 putas
664 2956 745 3014 esse,
765 2955 846 3017 quos
866 2956 916 3017 00,
936 2933 1053 3017 quibus
1072 2957 1134 3020 ego

112 3028 143 3087 et
166 3028 202 3087 tu
222 3024 367 3108 capimur
386 3026 418 3086 et
437 3021 599 3105 ducimur,
621 3022 740 3107 partim
759 3026 796 3086 ut
814 3022 936 3107 inepta,
959 3024 1078 3107 partim
1098 3028 1136 3088 ut

112 3113 341 3178 molestissima
364 3111 541 3177 offendenti
575 3110 678 3188 Quam
705 3112 813 3195 multi,
847 3134 921 3176 cum
949 3112 1050 3178 lector
1078 3117 1136 3177 aut

111 3202 239 3284 lyristes
270 3206 326 3267 aut
357 3200 530 3267 comoedus
562 3200 713 3266 inductus
746 3204 808 3283 est,
840 3203 963 3268 calceos
995 3207 1135 3286 poscunt
1154 3222 1179 3262 10

112 3294 168 3354 aut
195 3314 262 3355 11011
289 3291 412 3355 minore
443 3311 516 3355 cum
544 3290 650 3354 taedio
678 3290 849 3375 recubant,
880 3313 977 3375 quam
1005 3295 1043 3356 tu
1072 3291 1136 3356 ista

77 3378 174 3465 4(sic
197 3381 282 3444 enim
306 3379 465 3465 appellas)
489 3379 638 3465 prodigia
661 3401 831 3463 perpessus
855 3382 902 3446 est
930 3379 1051 3447 Demus
1075 3381 1135 3466 igi·

158 3574 178 3618 9
197 3572 402 3637 copiosissimo
421 3593 476 3632 om.
491 3575 529 3631 B.
609 3580 644 3631 13
664 3573 837 3632 devehernus
855 3593 884 3630 o.

28 3784 154 3814 ⁴-
