2400 3862
93 211 158 277 208
531 205 559 261 c.
579 205 678 259 111111

93 374 157 436 iam
193 391 279 436 nunc
315 370 473 454 paciscor:
515 369 619 454 prima
657 390 815 453 quaeque,
856 373 893 434 ut
930 369 1114 451 absolveris,

93 461 229 544 mittito,
261 461 361 524 immo
385 459 482 524 etiam
505 463 579 523 ante
603 480 699 543 quam
723 459 885 542 absolvas,
913 459 997 523 sicut
1020 463 1115 522 erunt

58 551 233 615 trecentia
263 552 295 613 et
321 547 414 612 rudia
444 552 476 612 et
505 548 611 613 adhuc
644 548 763 612 similia
793 548 1007 613 nascentibus.
1055 547 1114 611 Re·

93 638 265 724 spondebis
295 658 362 701 non
391 659 486 722 posse
519 637 650 721 perinde
687 637 824 722 carptim
857 635 922 722 [ut]
955 641 1115 719 contexta,

92 728 225 812 perinde
248 726 399 791 inchoata
421 728 548 811 placere
571 730 608 791 ut
630 727 752 792 effecta.
785 724 869 792 Scio.
906 725 1018 810 Itaque
1042 730 1116 791 ete
1155 769 1157 774 -

93 841 143 882 me
167 816 420 881 aestimabuntur
443 820 480 880 ut
503 819 629 900 coepta,
658 816 890 900 spectabuntur
912 819 949 880 ut
972 814 1116 880 membra

93 910 332 989 extremamque
347 905 460 970 limam
474 910 564 970 tuam
584 905 792 989 opperientur
807 906 843 969 in
859 905 977 970 scrinio
993 908 1116 969 nostro.

93 994 207 1059 Patere
230 993 293 1060 hoc
316 1017 366 1059 me
390 1016 486 1079 super
509 998 614 1060 cetera
636 994 754 1059 habere
774 994 892 1058 amoris
915 994 965 1058 tui
987 994 1117 1080 pignus,

58 1099 73 1146 8
94 1087 130 1148 ut
154 1106 191 1148 ea
215 1104 343 1168 quoque
366 1085 487 1167 norim,
517 1105 599 1168 quae
621 1105 716 1148 nosse
739 1083 901 1148 neminem
924 1084 1031 1148 velles.
1078 1081 1116 1146 ln

94 1195 219 1238 summa
240 1176 353 1257 potero
378 1173 513 1238 fortasse
532 1174 652 1257 scripta
674 1177 731 1237 tua
749 1173 853 1258 magis
876 1173 1026 1256 probare,
1048 1173 1115 1237 lau·

93 1263 180 1346 dare,
205 1266 326 1346 quanto
349 1262 407 1326 illa
424 1262 546 1327 tardius
566 1261 768 1345 cautiusque,
792 1262 848 1327 sed
870 1262 977 1345 ipsum
995 1265 1029 1326 te
1052 1284 1123 1342 1111-Ι

93 1353 143 1437 gis
163 1353 290 1435 amabo,
315 1352 417 1437 magis
436 1351 590 1434 laudabo,
610 1354 730 1434 quanto
751 1351 885 1416 celerius
905 1355 937 1415 et
955 1352 1115 1416 incautius

93 1442 226 1505 miseris.
273 1439 363 1505 Vale.
716 1493 717 1497 ,

360 1644 391 1693 O.
406 1643 554 1693 PLINIUS
574 1643 716 1695 GEMINO
737 1643 806 1694 SUO
828 1644 855 1693 S.
1132 1655 1152 1696 11

59 1760 72 1807 1
162 1743 264 1807 Grave
288 1743 404 1807 vulnus
428 1740 591 1807 Macrinus
615 1746 724 1807 noster
748 1743 884 1827 accepit:
908 1742 1017 1806 amisit
1039 1764 1116 1806 uxo-

94 1854 162 1895 rem
186 1832 358 1916 singularis
390 1831 542 1915 exempli,
572 1832 669 1896 etiam
698 1831 726 1896 si
750 1832 828 1896 olim
856 1832 978 1896 fidsset.
1025 1830 1116 1896 Vixit

95 1942 168 1985 oum
186 1921 247 1986 hac
266 1921 400 2007 triginta
418 1942 534 1985 novem
555 1921 647 1985 annis
667 1921 735 1985 sine
754 1921 876 2006 iurgio,
898 1921 967 1986 sine
987 1921 1115 1985 offensa.

95 2009 199 2087 Quam
222 2010 279 2074 illa
302 2011 513 2074 reverentiam
537 2010 653 2074 marito
673 2032 731 2075 suo
755 2011 929 2094 praestitit,
954 2011 1117 2092 cumipse

95 2120 252 2164 summam
283 2101 470 2163 mereretur!
502 2103 582 2183 quot
612 2103 812 2184 quantasque
843 2100 977 2164 virtutes
1009 2121 1049 2163 ex
1073 2099 1117 2162 di·
1134 2121 1156 2161 ro

58 2191 194 2254 aversis
218 2189 376 2253 aetatibus
409 2193 553 2272 sumptas
585 2189 716 2274 collegit
753 2193 784 2254 et
821 2189 963 2253 miscuit!
1010 2186 1118 2252 Habet

95 2277 223 2361 quidem
238 2277 399 2343 Macrinus
419 2278 540 2363 grande
560 2277 728 2361 solacium,
748 2278 833 2361 quod
854 2281 981 2342 tantum
995 2278 1117 2342 bonum

94 2370 160 2430 tam
185 2367 240 2431 diu
258 2369 375 2450 tenuit,
399 2368 454 2433 sed
473 2368 549 2432 hinc
568 2368 670 2453 magis
690 2367 911 2450 exacerbatur,
935 2367 1021 2450 quod
1041 2367 1119 2430 emi·

94 2457 145 2519 sit.
190 2455 276 2520 Nam
299 2455 442 2521 fruendis
474 2457 696 2540 voluptatibus
725 2456 840 2521 crescit
863 2455 992 2522 carendi
1015 2454 1118 2520 dolor.

58 2544 159 2609 aEro
184 2566 261 2629 ergo
285 2566 459 2629 suspensus
483 2568 542 2629 pro
570 2546 701 2610 homine
725 2545 936 2628 amicissimo,
963 2545 1040 2610 dum
1065 2544 1118 2609 ad·
1137 2567 1157 2609 11

94 2635 221 2698 mittere
235 2639 443 2698 avocamenta
460 2638 492 2699 et
510 2635 691 2700 cicatricem
706 2635 775 2718 pati
789 2636 902 2718 possit,
919 2656 1017 2719 quam
1034 2635 1119 2699 nihil

95 2746 194 2805 aeque
214 2743 251 2788 ac
266 2723 438 2787 necessitas
458 2724 528 2807 ipsa
542 2728 575 2787 11
590 2724 657 2789 dies
676 2725 776 2810 longa
794 2727 826 2788 et
845 2725 974 2788 satietas
995 2724 1118 2788 doloris

95 2812 226 2877 inducit.
274 2811 363 2877 Vale.
434 2897 436 2903 Ι

582 2906 633 2966 Vl.

341 3015 371 3064 C.
387 3015 534 3066 PLINIUS
554 3016 730 3068 MONTANO
751 3016 820 3067 SUO
841 3017 868 3066 S.
1139 3033 1157 3073 11

60 3132 73 3178 1
162 3113 358 3199 Cognovisse
389 3116 453 3178 iam
484 3137 523 3179 ex
552 3116 690 3200 epistula
720 3137 791 3179 mea
821 3115 916 3180 debes
947 3116 1118 3181 adnotasse

95 3226 146 3267 me
168 3225 271 3286 nuper
295 3203 530 3269 monimentum
554 3204 710 3270 Pallantis
735 3205 794 3270 sub
813 3206 874 3271 hac
892 3205 1119 3290 inscriptione:

166 3385 181 3432 2
201 3381 285 3434 mitte
303 3399 329 3434 a.
430 3380 465 3433 4·
484 3381 605 3450 carptim
620 3379 741 3453 (texta)
756 3382 789 3434 ut
808 3382 940 3436 contexta
960 3380 1119 3448 medius,

91 3451 213 3517 carptim
235 3451 254 3523 <
257 3451 407 3524 coniecta>
427 3454 466 3505 ut·
482 3454 556 3506 cont.
574 3453 745 3519 Leitbdaser,
770 3452 891 3521 carptim
915 3454 1048 3506 contexta
1071 3470 1120 3522 epo

82 3519 170 3573 Wrn.
180 3522 264 3578 araca
275 3525 365 3580 XXI
369 3525 426 3595 Vp.
437 3528 491 3581 311
492 3566 502 3594 ,
512 3524 547 3593 es.
563 3524 608 3580 VI
615 3527 660 3592 22,
670 3528 703 3592 2;
724 3525 912 3590 V11114,1e;
925 3540 1022 3593 paceo.
1031 3527 1076 3590 25,
1089 3531 1119 3590 13

55 3586 122 3641 Sea,
140 3607 185 3659 epo.
201 3599 271 3664 114,
289 3603 337 3654 17.
420 3605 456 3655 12
477 3598 634 3671 magisque
650 3597 733 3654 laud.
755 3597 801 3664 M,
819 3596 870 3660 K,
888 3594 987 3648 Maeli.
