<?xml version="1.0" encoding="UTF-8"?>
<!DOCTYPE html PUBLIC "-//W3C//DTD XHTML 1.0 Transitional//EN"
    "http://www.w3.org/TR/xhtml1/DTD/xhtml1-transitional.dtd">
<html xmlns="http://www.w3.org/1999/xhtml" xml:lang="en" lang="en">
 <head>
  <title>
</title>
<meta http-equiv="Content-Type" content="text/html;charset=utf-8" />
  <meta name='ocr-system' content='tesseract 3.04.00' />
  <meta name='ocr-capabilities' content='ocr_page ocr_carea ocr_par ocr_line ocrx_word'/>
</head>
<body>
  <div class='ocr_page' id='page_1' title='image "./cplinicaecilise00kukugoog_0211.png"; bbox 0 0 2400 3862; ppageno 0'>
   <div class='ocr_carea' id='block_1_1' title="bbox 375 385 899 564">
    <p class='ocr_par' dir='ltr' id='par_1_1' title="bbox 375 385 899 564">
     <span class='ocr_line' id='line_1_1' title="bbox 595 385 673 444; baseline 0 0"><span class='ocrx_word' id='word_1_1' title='bbox 595 385 673 444; x_wconf 89' lang='lat' dir='ltr'>XXI.</span> 
     </span>
     <span class='ocr_line' id='line_1_2' title="bbox 375 514 899 564; baseline 0.002 -1"><span class='ocrx_word' id='word_1_2' title='bbox 375 515 405 563; x_wconf 78' lang='lat' dir='ltr'>O.</span> <span class='ocrx_word' id='word_1_3' title='bbox 420 514 568 564; x_wconf 85' lang='lat' dir='ltr'>PLINIUS</span> <span class='ocrx_word' id='word_1_4' title='bbox 588 514 760 564; x_wconf 81' lang='lat' dir='ltr'>CORNUTO</span> <span class='ocrx_word' id='word_1_5' title='bbox 781 514 850 564; x_wconf 85' lang='lat' dir='ltr'>SUO</span> <span class='ocrx_word' id='word_1_6' title='bbox 871 514 899 564; x_wconf 79' lang='lat' dir='ltr'>S.</span> 
     </span>
    </p>
   </div>
   <div class='ocr_carea' id='block_1_2' title="bbox 86 631 1192 1609">
    <p class='ocr_par' dir='ltr' id='par_1_2' title="bbox 91 631 1185 982">
     <span class='ocr_line' id='line_1_3' title="bbox 91 631 1151 718; baseline 0.003 -22"><span class='ocrx_word' id='word_1_7' title='bbox 91 649 104 696; x_wconf 88' lang='lat'>1</span> <span class='ocrx_word' id='word_1_8' title='bbox 193 631 308 715; x_wconf 84' lang='grc' dir='ltr'>Ρ1111,</span> <span class='ocrx_word' id='word_1_9' title='bbox 332 633 457 718; x_wconf 79' lang='lat' dir='ltr'>collega</span> <span class='ocrx_word' id='word_1_10' title='bbox 476 632 649 714; x_wconf 88' lang='lat' dir='ltr'>carissime,</span> <span class='ocrx_word' id='word_1_11' title='bbox 667 636 700 695; x_wconf 91' lang='lat' dir='ltr'>et</span> <span class='ocrx_word' id='word_1_12' title='bbox 713 632 895 696; x_wconf 76' lang='lat' dir='ltr'>infirmItati</span> <span class='ocrx_word' id='word_1_13' title='bbox 915 634 1093 716; x_wconf 84' lang='lat' dir='ltr'>oculorum,</span> <span class='ocrx_word' id='word_1_14' title='bbox 1113 639 1151 699; x_wconf 93' lang='lat' dir='ltr'>ut</span> 
     </span>
     <span class='ocr_line' id='line_1_4' title="bbox 125 719 1168 807; baseline 0.003 -21"><span class='ocrx_word' id='word_1_15' title='bbox 125 724 229 806; x_wconf 87' lang='lat' dir='ltr'>iubes,</span> <span class='ocrx_word' id='word_1_16' title='bbox 257 723 399 786; x_wconf 92' lang='lat' dir='ltr'>consulo.</span> <span class='ocrx_word' id='word_1_17' title='bbox 445 719 530 785; x_wconf 89' lang='lat' dir='ltr'>Nam</span> <span class='ocrx_word' id='word_1_18' title='bbox 559 725 590 785; x_wconf 90' lang='lat' dir='ltr'>et</span> <span class='ocrx_word' id='word_1_19' title='bbox 617 720 681 784; x_wconf 91' lang='lat' dir='ltr'>huc</span> <span class='ocrx_word' id='word_1_20' title='bbox 710 724 796 786; x_wconf 90' lang='lat' dir='ltr'>tecto</span> <span class='ocrx_word' id='word_1_21' title='bbox 827 721 976 786; x_wconf 89' lang='lat' dir='ltr'>vehiculo</span> <span class='ocrx_word' id='word_1_22' title='bbox 1006 723 1168 807; x_wconf 80' lang='lat' dir='ltr'>undique¹</span> 
     </span>
     <span class='ocr_line' id='line_1_5' title="bbox 125 811 1185 895; baseline -0.003 -21"><span class='ocrx_word' id='word_1_23' title='bbox 125 813 267 876; x_wconf 91' lang='lat' dir='ltr'>inclusus</span> <span class='ocrx_word' id='word_1_24' title='bbox 287 812 380 895; x_wconf 83' lang='lat' dir='ltr'>quasi</span> <span class='ocrx_word' id='word_1_25' title='bbox 398 812 432 874; x_wconf 93' lang='lat' dir='ltr'>in</span> <span class='ocrx_word' id='word_1_26' title='bbox 447 811 596 875; x_wconf 90' lang='lat' dir='ltr'>cubiculo</span> <span class='ocrx_word' id='word_1_27' title='bbox 612 811 743 894; x_wconf 83' lang='lat' dir='ltr'>perveni</span> <span class='ocrx_word' id='word_1_28' title='bbox 758 811 857 876; x_wconf 85' lang='lat' dir='ltr'>ethic</span> <span class='ocrx_word' id='word_1_29' title='bbox 871 833 937 875; x_wconf 92' lang='lat' dir='ltr'>non</span> <span class='ocrx_word' id='word_1_30' title='bbox 951 811 1027 876; x_wconf 90' lang='lat' dir='ltr'>stilo</span> <span class='ocrx_word' id='word_1_31' title='bbox 1041 814 1152 892; x_wconf 91' lang='lat' dir='ltr'>modo,</span> <span class='ocrx_word' id='word_1_32' title='bbox 1173 832 1185 871; x_wconf 80' lang='grc'>1</span> 
     </span>
     <span class='ocr_line' id='line_1_6' title="bbox 124 898 1151 982; baseline 0.002 -18"><span class='ocrx_word' id='word_1_33' title='bbox 124 922 235 964; x_wconf 85' lang='lat' dir='ltr'>verum</span> <span class='ocrx_word' id='word_1_34' title='bbox 260 900 357 964; x_wconf 91' lang='lat' dir='ltr'>etiam</span> <span class='ocrx_word' id='word_1_35' title='bbox 380 899 573 965; x_wconf 90' lang='lat' dir='ltr'>lectionibus</span> <span class='ocrx_word' id='word_1_36' title='bbox 598 898 786 982; x_wconf 81' lang='lat' dir='ltr'>difficulter,</span> <span class='ocrx_word' id='word_1_37' title='bbox 810 900 865 965; x_wconf 91' lang='lat' dir='ltr'>sed</span> <span class='ocrx_word' id='word_1_38' title='bbox 888 900 1033 965; x_wconf 79' lang='lat' dir='ltr'>abstineo</span> <span class='ocrx_word' id='word_1_39' title='bbox 1058 903 1151 966; x_wconf 91' lang='lat' dir='ltr'>solis·</span> 
     </span>
    </p>

    <p class='ocr_par' dir='ltr' id='par_1_3' title="bbox 88 987 1151 1251">
     <span class='ocr_line' id='line_1_7' title="bbox 88 987 1151 1074; baseline 0.005 -22"><span class='ocrx_word' id='word_1_40' title='bbox 88 1005 186 1072; x_wconf 75' lang='lat' dir='ltr'>aque</span> <span class='ocrx_word' id='word_1_41' title='bbox 210 990 340 1054; x_wconf 89' lang='lat' dir='ltr'>auribus</span> <span class='ocrx_word' id='word_1_42' title='bbox 364 989 485 1054; x_wconf 90' lang='lat' dir='ltr'>studeo.</span> <span class='ocrx_word' id='word_1_43' title='bbox 520 987 675 1053; x_wconf 78' lang='lat' dir='ltr'>Cubicula</span> <span class='ocrx_word' id='word_1_44' title='bbox 698 988 846 1054; x_wconf 90' lang='lat' dir='ltr'>obductis</span> <span class='ocrx_word' id='word_1_45' title='bbox 870 990 950 1054; x_wconf 87' lang='lat' dir='ltr'>velis</span> <span class='ocrx_word' id='word_1_46' title='bbox 970 1012 1072 1074; x_wconf 91' lang='lat' dir='ltr'>opaca</span> <span class='ocrx_word' id='word_1_47' title='bbox 1089 1014 1151 1057; x_wconf 88' lang='lat' dir='ltr'>nec</span> 
     </span>
     <span class='ocr_line' id='line_1_8' title="bbox 124 1076 1149 1164; baseline 0.003 -22"><span class='ocrx_word' id='word_1_48' title='bbox 124 1083 231 1143; x_wconf 88' lang='lat' dir='ltr'>tamen</span> <span class='ocrx_word' id='word_1_49' title='bbox 255 1079 390 1144; x_wconf 87' lang='lat' dir='ltr'>obscura</span> <span class='ocrx_word' id='word_1_50' title='bbox 413 1079 506 1144; x_wconf 88' lang='lat' dir='ltr'>facio.</span> <span class='ocrx_word' id='word_1_51' title='bbox 541 1076 807 1162; x_wconf 73' lang='lat' dir='ltr'>Cryptoporticus</span> <span class='ocrx_word' id='word_1_52' title='bbox 832 1101 961 1163; x_wconf 91' lang='lat' dir='ltr'>quoque</span> <span class='ocrx_word' id='word_1_53' title='bbox 985 1080 1149 1164; x_wconf 86' lang='lat' dir='ltr'>adopertis</span> 
     </span>
     <span class='ocr_line' id='line_1_9' title="bbox 123 1167 1149 1251; baseline 0.005 -21"><span class='ocrx_word' id='word_1_54' title='bbox 123 1168 328 1233; x_wconf 88' lang='lat' dir='ltr'>inferioribus</span> <span class='ocrx_word' id='word_1_55' title='bbox 356 1167 505 1232; x_wconf 85' lang='lat' dir='ltr'>fenestris</span> <span class='ocrx_word' id='word_1_56' title='bbox 529 1171 655 1232; x_wconf 89' lang='lat' dir='ltr'>tantum</span> <span class='ocrx_word' id='word_1_57' title='bbox 680 1169 811 1232; x_wconf 83' lang='lat' dir='ltr'>umbrae</span> <span class='ocrx_word' id='word_1_58' title='bbox 835 1173 992 1251; x_wconf 88' lang='lat' dir='ltr'>quantum</span> <span class='ocrx_word' id='word_1_59' title='bbox 1016 1169 1149 1236; x_wconf 88' lang='lat' dir='ltr'>luminis</span> 
     </span>
    </p>

    <p class='ocr_par' dir='ltr' id='par_1_4' title="bbox 88 1256 1192 1432">
     <span class='ocr_line' id='line_1_10' title="bbox 88 1256 1192 1342; baseline 0.002 -20"><span class='ocrx_word' id='word_1_60' title='bbox 88 1275 103 1323; x_wconf 85' lang='grc'>1</span> <span class='ocrx_word' id='word_1_61' title='bbox 122 1257 228 1323; x_wconf 87' lang='lat' dir='ltr'>habet.</span> <span class='ocrx_word' id='word_1_62' title='bbox 275 1256 329 1322; x_wconf 86' lang='lat' dir='ltr'>Sic</span> <span class='ocrx_word' id='word_1_63' title='bbox 357 1257 513 1342; x_wconf 84' lang='lat' dir='ltr'>paulatim</span> <span class='ocrx_word' id='word_1_64' title='bbox 535 1258 642 1322; x_wconf 91' lang='lat' dir='ltr'>lucem</span> <span class='ocrx_word' id='word_1_65' title='bbox 664 1257 747 1321; x_wconf 89' lang='lat' dir='ltr'>ferre</span> <span class='ocrx_word' id='word_1_66' title='bbox 771 1257 931 1323; x_wconf 91' lang='lat' dir='ltr'>condisco.</span> <span class='ocrx_word' id='word_1_67' title='bbox 977 1257 1149 1324; x_wconf 86' lang='lat' dir='ltr'>Balineum</span> <span class='ocrx_word' id='word_1_68' title='bbox 1168 1277 1192 1315; x_wconf 74' lang='grc' dir='ltr'>ιο</span> 
     </span>
     <span class='ocr_line' id='line_1_11' title="bbox 123 1346 1150 1432; baseline 0.001 -21"><span class='ocrx_word' id='word_1_69' title='bbox 123 1348 271 1431; x_wconf 85' lang='lat' dir='ltr'>adsumo,</span> <span class='ocrx_word' id='word_1_70' title='bbox 296 1347 372 1432; x_wconf 88' lang='lat' dir='ltr'>quia</span> <span class='ocrx_word' id='word_1_71' title='bbox 395 1346 540 1431; x_wconf 83' lang='lat' dir='ltr'>prodest,</span> <span class='ocrx_word' id='word_1_72' title='bbox 563 1348 688 1429; x_wconf 88' lang='lat' dir='ltr'>vinum,</span> <span class='ocrx_word' id='word_1_73' title='bbox 713 1347 874 1429; x_wconf 88' lang='lat' dir='ltr'>quianon</span> <span class='ocrx_word' id='word_1_74' title='bbox 896 1352 1007 1430; x_wconf 84' lang='lat' dir='ltr'>nocet,</span> <span class='ocrx_word' id='word_1_75' title='bbox 1029 1349 1150 1432; x_wconf 90' lang='lat' dir='ltr'>parcis·</span> 
     </span>
    </p>

    <p class='ocr_par' dir='ltr' id='par_1_5' title="bbox 86 1435 1150 1609">
     <span class='ocr_line' id='line_1_12' title="bbox 86 1435 1149 1519; baseline 0.003 -19"><span class='ocrx_word' id='word_1_76' title='bbox 86 1456 103 1500; x_wconf 85' lang='lat'><strong>4</strong></span> <span class='ocrx_word' id='word_1_77' title='bbox 124 1437 203 1501; x_wconf 91' lang='lat' dir='ltr'>sime</span> <span class='ocrx_word' id='word_1_78' title='bbox 226 1441 343 1501; x_wconf 90' lang='lat' dir='ltr'>tamen.</span> <span class='ocrx_word' id='word_1_79' title='bbox 390 1436 440 1500; x_wconf 87' lang='lat' dir='ltr'>Ita</span> <span class='ocrx_word' id='word_1_80' title='bbox 463 1436 609 1519; x_wconf 88' lang='lat' dir='ltr'>adsuevi,</span> <span class='ocrx_word' id='word_1_81' title='bbox 632 1439 663 1500; x_wconf 93' lang='lat' dir='ltr'>et</span> <span class='ocrx_word' id='word_1_82' title='bbox 686 1457 773 1500; x_wconf 89' lang='lat' dir='ltr'>nunc</span> <span class='ocrx_word' id='word_1_83' title='bbox 797 1441 905 1500; x_wconf 87' lang='lat' dir='ltr'>custos</span> <span class='ocrx_word' id='word_1_84' title='bbox 929 1435 1028 1501; x_wconf 87' lang='lat' dir='ltr'>adest.</span> <span class='ocrx_word' id='word_1_85' title='bbox 1076 1435 1149 1503; x_wconf 82' lang='lat' dir='ltr'>Gal·</span> 
     </span>
     <span class='ocr_line' id='line_1_13' title="bbox 122 1525 1150 1609; baseline 0.003 -20"><span class='ocrx_word' id='word_1_86' title='bbox 122 1527 223 1589; x_wconf 88' lang='lat' dir='ltr'>linam</span> <span class='ocrx_word' id='word_1_87' title='bbox 242 1531 279 1589; x_wconf 87' lang='lat' dir='ltr'>ut</span> <span class='ocrx_word' id='word_1_88' title='bbox 299 1530 367 1589; x_wconf 90' lang='grc'>111</span> <span class='ocrx_word' id='word_1_89' title='bbox 393 1527 525 1590; x_wconf 88' lang='lat' dir='ltr'>missam</span> <span class='ocrx_word' id='word_1_90' title='bbox 547 1526 685 1589; x_wconf 74' lang='lat' dir='ltr'>libenter</span> <span class='ocrx_word' id='word_1_91' title='bbox 708 1525 831 1609; x_wconf 89' lang='lat' dir='ltr'>accepi;</span> <span class='ocrx_word' id='word_1_92' title='bbox 855 1546 951 1608; x_wconf 84' lang='lat' dir='ltr'>quem</span> <span class='ocrx_word' id='word_1_93' title='bbox 971 1527 1050 1590; x_wconf 86' lang='lat' dir='ltr'>satis</span> <span class='ocrx_word' id='word_1_94' title='bbox 1070 1529 1150 1592; x_wconf 87' lang='lat' dir='ltr'>acri-</span> 
     </span>
    </p>
   </div>
   <div class='ocr_carea' id='block_1_3' title="bbox 123 1614 1149 1699">
    <p class='ocr_par' dir='ltr' id='par_1_6' title="bbox 123 1614 1149 1699">
     <span class='ocr_line' id='line_1_14' title="bbox 123 1614 1149 1699; baseline 0.003 -22"><span class='ocrx_word' id='word_1_95' title='bbox 123 1615 183 1677; x_wconf 86' lang='lat' dir='ltr'>bus</span> <span class='ocrx_word' id='word_1_96' title='bbox 203 1615 314 1696; x_wconf 79' lang='lat' dir='ltr'>oeulis,</span> <span class='ocrx_word' id='word_1_97' title='bbox 334 1637 530 1697; x_wconf 88' lang='lat' dir='ltr'>quamquam</span> <span class='ocrx_word' id='word_1_98' title='bbox 550 1614 655 1678; x_wconf 90' lang='lat' dir='ltr'>adbuc</span> <span class='ocrx_word' id='word_1_99' title='bbox 673 1614 791 1697; x_wconf 83' lang='lat' dir='ltr'>lippus,</span> <span class='ocrx_word' id='word_1_100' title='bbox 810 1614 1058 1699; x_wconf 82' lang='lat' dir='ltr'>pinguissimam</span> <span class='ocrx_word' id='word_1_101' title='bbox 1072 1617 1149 1682; x_wconf 82' lang='lat' dir='ltr'>ridi.</span> 
     </span>
    </p>
   </div>
   <div class='ocr_carea' id='block_1_4' title="bbox 123 1704 1190 1855">
    <p class='ocr_par' dir='ltr' id='par_1_7' title="bbox 123 1704 1190 1855">
     <span class='ocr_line' id='line_1_15' title="bbox 123 1704 1190 1767; baseline -0.006 -1"><span class='ocrx_word' id='word_1_102' title='bbox 123 1704 212 1767; x_wconf 83' lang='lat' dir='ltr'>Vale.</span> <span class='ocrx_word' id='word_1_103' title='bbox 1168 1721 1190 1761; x_wconf 78' lang='grc'>11</span> 
     </span>
     <span class='ocr_line' id='line_1_16' title="bbox 588 1796 683 1855; baseline -0.011 0"><span class='ocrx_word' id='word_1_104' title='bbox 588 1796 683 1855; x_wconf 85' lang='grc' dir='ltr'>ΧΧΙΙ.</span> 
     </span>
    </p>
   </div>
   <div class='ocr_carea' id='block_1_5' title="bbox 379 1924 890 1975">
    <p class='ocr_par' dir='ltr' id='par_1_8' title="bbox 379 1924 890 1975">
     <span class='ocr_line' id='line_1_17' title="bbox 379 1924 890 1975; baseline 0.004 -3"><span class='ocrx_word' id='word_1_105' title='bbox 379 1924 409 1973; x_wconf 81' lang='grc' dir='ltr'>Ο.</span> <span class='ocrx_word' id='word_1_106' title='bbox 425 1924 572 1973; x_wconf 84' lang='lat' dir='ltr'>PLINIUS</span> <span class='ocrx_word' id='word_1_107' title='bbox 592 1924 752 1974; x_wconf 80' lang='lat' dir='ltr'>FALCONI</span> <span class='ocrx_word' id='word_1_108' title='bbox 773 1924 842 1975; x_wconf 85' lang='lat' dir='ltr'>SUO</span> <span class='ocrx_word' id='word_1_109' title='bbox 863 1925 890 1974; x_wconf 81' lang='lat' dir='ltr'>S.</span> 
     </span>
    </p>
   </div>
   <div class='ocr_carea' id='block_1_6' title="bbox 85 2042 1191 3020">
    <p class='ocr_par' dir='ltr' id='par_1_9' title="bbox 87 2042 1191 2304">
     <span class='ocr_line' id='line_1_18' title="bbox 87 2042 1148 2126; baseline 0.003 -19"><span class='ocrx_word' id='word_1_110' title='bbox 87 2061 100 2107; x_wconf 94' lang='lat'>1</span> <span class='ocrx_word' id='word_1_111' title='bbox 189 2042 295 2107; x_wconf 90' lang='lat' dir='ltr'>Minus</span> <span class='ocrx_word' id='word_1_112' title='bbox 327 2042 494 2105; x_wconf 88' lang='lat' dir='ltr'>miraberis</span> <span class='ocrx_word' id='word_1_113' title='bbox 526 2064 576 2105; x_wconf 91' lang='lat' dir='ltr'>me</span> <span class='ocrx_word' id='word_1_114' title='bbox 607 2046 674 2106; x_wconf 89' lang='lat' dir='ltr'>tam</span> <span class='ocrx_word' id='word_1_115' title='bbox 703 2043 860 2106; x_wconf 73' lang='lat' dir='ltr'>instanter</span> <span class='ocrx_word' id='word_1_116' title='bbox 888 2042 1020 2126; x_wconf 77' lang='lat' dir='ltr'>petisse,</span> <span class='ocrx_word' id='word_1_117' title='bbox 1049 2048 1086 2108; x_wconf 92' lang='lat' dir='ltr'>ut</span> <span class='ocrx_word' id='word_1_118' title='bbox 1114 2046 1148 2110; x_wconf 93' lang='lat' dir='ltr'>in</span> 
     </span>
     <span class='ocr_line' id='line_1_19' title="bbox 120 2131 1148 2218; baseline 0.003 -23"><span class='ocrx_word' id='word_1_119' title='bbox 120 2133 260 2196; x_wconf 87' lang='lat' dir='ltr'>amicum</span> <span class='ocrx_word' id='word_1_120' title='bbox 285 2154 390 2195; x_wconf 91' lang='lat' dir='ltr'>meum</span> <span class='ocrx_word' id='word_1_121' title='bbox 416 2131 576 2196; x_wconf 90' lang='lat' dir='ltr'>conferres</span> <span class='ocrx_word' id='word_1_122' title='bbox 600 2131 815 2212; x_wconf 86' lang='lat' dir='ltr'>tribunatum,</span> <span class='ocrx_word' id='word_1_123' title='bbox 834 2153 907 2195; x_wconf 91' lang='lat' dir='ltr'>cum</span> <span class='ocrx_word' id='word_1_124' title='bbox 931 2131 1054 2216; x_wconf 88' lang='lat' dir='ltr'>scieris,</span> <span class='ocrx_word' id='word_1_125' title='bbox 1075 2135 1148 2218; x_wconf 91' lang='lat' dir='ltr'>quis</span> 
     </span>
     <span class='ocr_line' id='line_1_20' title="bbox 120 2220 1191 2304; baseline 0.002 -20"><span class='ocrx_word' id='word_1_126' title='bbox 120 2222 174 2284; x_wconf 91' lang='lat' dir='ltr'>ille</span> <span class='ocrx_word' id='word_1_127' title='bbox 199 2222 375 2304; x_wconf 88' lang='lat' dir='ltr'>qualisque.</span> <span class='ocrx_word' id='word_1_128' title='bbox 409 2220 545 2285; x_wconf 90' lang='lat' dir='ltr'>Possum</span> <span class='ocrx_word' id='word_1_129' title='bbox 570 2225 676 2284; x_wconf 89' lang='lat' dir='ltr'>autem</span> <span class='ocrx_word' id='word_1_130' title='bbox 701 2220 764 2284; x_wconf 87' lang='lat' dir='ltr'>iam</span> <span class='ocrx_word' id='word_1_131' title='bbox 788 2221 850 2285; x_wconf 91' lang='lat' dir='ltr'>tibi</span> <span class='ocrx_word' id='word_1_132' title='bbox 874 2225 905 2285; x_wconf 90' lang='lat' dir='ltr'>et</span> <span class='ocrx_word' id='word_1_133' title='bbox 927 2243 1047 2285; x_wconf 89' lang='lat' dir='ltr'>nomen</span> <span class='ocrx_word' id='word_1_134' title='bbox 1066 2222 1135 2288; x_wconf 87' lang='lat' dir='ltr'>indi</span> <span class='ocrx_word' id='word_1_135' title='bbox 1166 2247 1191 2286; x_wconf 83' lang='grc' dir='ltr'>1ο</span> 
     </span>
    </p>

    <p class='ocr_par' dir='ltr' id='par_1_10' title="bbox 85 2309 1189 2750">
     <span class='ocr_line' id='line_1_21' title="bbox 85 2309 1148 2394; baseline 0.003 -21"><span class='ocrx_word' id='word_1_136' title='bbox 85 2326 100 2373; x_wconf 81' lang='grc'>1</span> <span class='ocrx_word' id='word_1_137' title='bbox 120 2332 192 2374; x_wconf 88' lang='grc'>1111</span> <span class='ocrx_word' id='word_1_138' title='bbox 212 2313 243 2374; x_wconf 85' lang='grc'>11</span> <span class='ocrx_word' id='word_1_139' title='bbox 262 2310 441 2374; x_wconf 72' lang='lat' dir='ltr'>describere</span> <span class='ocrx_word' id='word_1_140' title='bbox 460 2310 580 2394; x_wconf 82' lang='lat' dir='ltr'>ipsum,</span> <span class='ocrx_word' id='word_1_141' title='bbox 604 2313 776 2393; x_wconf 88' lang='lat' dir='ltr'>postquam</span> <span class='ocrx_word' id='word_1_142' title='bbox 794 2310 966 2392; x_wconf 91' lang='lat' dir='ltr'>polliceris.</span> <span class='ocrx_word' id='word_1_143' title='bbox 995 2309 1057 2376; x_wconf 80' lang='lat' dir='ltr'>Est</span> <span class='ocrx_word' id='word_1_144' title='bbox 1071 2309 1148 2376; x_wconf 82' lang='lat' dir='ltr'>Ocr-</span> 
     </span>
     <span class='ocr_line' id='line_1_22' title="bbox 121 2399 1147 2485; baseline 0.004 -23"><span class='ocrx_word' id='word_1_145' title='bbox 121 2400 225 2463; x_wconf 90' lang='lat' dir='ltr'>nelius</span> <span class='ocrx_word' id='word_1_146' title='bbox 266 2399 473 2482; x_wconf 86' lang='lat' dir='ltr'>Minicianus‚</span> <span class='ocrx_word' id='word_1_147' title='bbox 511 2402 734 2463; x_wconf 89' lang='lat' dir='ltr'>ornamentum</span> <span class='ocrx_word' id='word_1_148' title='bbox 776 2399 917 2485; x_wconf 83' lang='lat' dir='ltr'>regionis</span> <span class='ocrx_word' id='word_1_149' title='bbox 959 2422 1047 2464; x_wconf 87' lang='lat' dir='ltr'>meae</span> <span class='ocrx_word' id='word_1_150' title='bbox 1090 2423 1147 2466; x_wconf 90' lang='lat' dir='ltr'>seu</span> 
     </span>
     <span class='ocr_line' id='line_1_23' title="bbox 122 2488 1147 2573; baseline 0.006 -23"><span class='ocrx_word' id='word_1_151' title='bbox 122 2488 278 2573; x_wconf 81' lang='lat' dir='ltr'>dignitate</span> <span class='ocrx_word' id='word_1_152' title='bbox 303 2510 359 2552; x_wconf 87' lang='lat' dir='ltr'>seu</span> <span class='ocrx_word' id='word_1_153' title='bbox 383 2489 534 2555; x_wconf 90' lang='lat' dir='ltr'>moribus.</span> <span class='ocrx_word' id='word_1_154' title='bbox 568 2488 673 2553; x_wconf 86' lang='lat' dir='ltr'>Natus</span> <span class='ocrx_word' id='word_1_155' title='bbox 697 2489 863 2572; x_wconf 88' lang='lat' dir='ltr'>splendide</span> <span class='ocrx_word' id='word_1_156' title='bbox 887 2489 1029 2553; x_wconf 88' lang='lat' dir='ltr'>abundat</span> <span class='ocrx_word' id='word_1_157' title='bbox 1047 2490 1147 2556; x_wconf 85' lang='lat' dir='ltr'>facul·</span> 
     </span>
     <span class='ocr_line' id='line_1_24' title="bbox 121 2575 1146 2662; baseline 0.005 -22"><span class='ocrx_word' id='word_1_158' title='bbox 121 2578 256 2659; x_wconf 81' lang='lat' dir='ltr'>tatibus,</span> <span class='ocrx_word' id='word_1_159' title='bbox 280 2582 367 2641; x_wconf 87' lang='lat' dir='ltr'>amat</span> <span class='ocrx_word' id='word_1_160' title='bbox 390 2579 509 2660; x_wconf 86' lang='lat' dir='ltr'>studia,</span> <span class='ocrx_word' id='word_1_161' title='bbox 532 2581 569 2642; x_wconf 89' lang='lat' dir='ltr'>ut</span> <span class='ocrx_word' id='word_1_162' title='bbox 593 2579 698 2642; x_wconf 88' lang='lat' dir='ltr'>solent</span> <span class='ocrx_word' id='word_1_163' title='bbox 720 2600 886 2662; x_wconf 84' lang='lat' dir='ltr'>pauperes.</span> <span class='ocrx_word' id='word_1_164' title='bbox 923 2575 1013 2642; x_wconf 90' lang='lat' dir='ltr'>Idem</span> <span class='ocrx_word' id='word_1_165' title='bbox 1036 2581 1146 2645; x_wconf 90' lang='lat' dir='ltr'>rectis·</span> 
     </span>
     <span class='ocr_line' id='line_1_25' title="bbox 122 2666 1189 2750; baseline -0.001 -20"><span class='ocrx_word' id='word_1_166' title='bbox 122 2667 220 2731; x_wconf 90' lang='lat' dir='ltr'>simus</span> <span class='ocrx_word' id='word_1_167' title='bbox 240 2666 344 2750; x_wconf 84' lang='lat' dir='ltr'>iudex,</span> <span class='ocrx_word' id='word_1_168' title='bbox 362 2667 557 2732; x_wconf 86' lang='lat' dir='ltr'>fortissimus</span> <span class='ocrx_word' id='word_1_169' title='bbox 577 2668 765 2749; x_wconf 82' lang='lat' dir='ltr'>advocatus,</span> <span class='ocrx_word' id='word_1_170' title='bbox 788 2668 910 2732; x_wconf 86' lang='lat' dir='ltr'>amicus</span> <span class='ocrx_word' id='word_1_171' title='bbox 929 2667 1146 2735; x_wconf 88' lang='lat' dir='ltr'>fidelissimus.</span> <span class='ocrx_word' id='word_1_172' title='bbox 1165 2690 1189 2730; x_wconf 82' lang='grc'>11</span> 
     </span>
    </p>

    <p class='ocr_par' dir='ltr' id='par_1_11' title="bbox 86 2755 1147 2933">
     <span class='ocr_line' id='line_1_26' title="bbox 86 2755 1146 2840; baseline 0.004 -21"><span class='ocrx_word' id='word_1_173' title='bbox 86 2774 101 2819; x_wconf 85' lang='grc'>3</span> <span class='ocrx_word' id='word_1_174' title='bbox 122 2757 293 2839; x_wconf 86' lang='lat' dir='ltr'>Accepisse</span> <span class='ocrx_word' id='word_1_175' title='bbox 312 2759 344 2820; x_wconf 89' lang='lat' dir='ltr'>te</span> <span class='ocrx_word' id='word_1_176' title='bbox 363 2755 554 2822; x_wconf 87' lang='lat' dir='ltr'>beneficium</span> <span class='ocrx_word' id='word_1_177' title='bbox 574 2757 691 2838; x_wconf 83' lang='lat' dir='ltr'>credes,</span> <span class='ocrx_word' id='word_1_178' title='bbox 714 2778 787 2820; x_wconf 91' lang='lat' dir='ltr'>cum</span> <span class='ocrx_word' id='word_1_179' title='bbox 811 2756 944 2840; x_wconf 90' lang='lat' dir='ltr'>propius</span> <span class='ocrx_word' id='word_1_180' title='bbox 968 2757 1146 2840; x_wconf 87' lang='lat' dir='ltr'>inspexeris</span> 
     </span>
     <span class='ocr_line' id='line_1_27' title="bbox 120 2843 1147 2933; baseline 0.004 -25"><span class='ocrx_word' id='word_1_181' title='bbox 120 2845 284 2910; x_wconf 91' lang='lat' dir='ltr'>hominem</span> <span class='ocrx_word' id='word_1_182' title='bbox 318 2846 467 2910; x_wconf 91' lang='lat' dir='ltr'>omnibus</span> <span class='ocrx_word' id='word_1_183' title='bbox 500 2847 691 2928; x_wconf 78' lang='lat' dir='ltr'>honoribus,</span> <span class='ocrx_word' id='word_1_184' title='bbox 724 2846 874 2911; x_wconf 90' lang='lat' dir='ltr'>omnibus</span> <span class='ocrx_word' id='word_1_185' title='bbox 907 2846 1012 2910; x_wconf 80' lang='lat' dir='ltr'>titulis</span> <span class='ocrx_word' id='word_1_186' title='bbox 1048 2843 1147 2933; x_wconf 85' lang='lat' dir='ltr'>(nihil</span> 
     </span>
    </p>

    <p class='ocr_par' dir='ltr' id='par_1_12' title="bbox 87 2934 1146 3020">
     <span class='ocr_line' id='line_1_28' title="bbox 87 2934 1146 3020; baseline 0.004 -23"><span class='ocrx_word' id='word_1_187' title='bbox 87 3008 89 3012; x_wconf 64' lang='lat'>,</span> <span class='ocrx_word' id='word_1_188' title='bbox 121 2937 195 2999; x_wconf 88' lang='lat' dir='ltr'>volo</span> <span class='ocrx_word' id='word_1_189' title='bbox 220 2935 334 2999; x_wconf 91' lang='lat' dir='ltr'>elatius</span> <span class='ocrx_word' id='word_1_190' title='bbox 360 2934 397 2998; x_wconf 93' lang='lat' dir='ltr'>de</span> <span class='ocrx_word' id='word_1_191' title='bbox 422 2935 658 2999; x_wconf 90' lang='lat' dir='ltr'>modestissimo</span> <span class='ocrx_word' id='word_1_192' title='bbox 678 2935 747 2998; x_wconf 84' lang='lat' dir='ltr'>viro</span> <span class='ocrx_word' id='word_1_193' title='bbox 767 2935 887 3020; x_wconf 90' lang='lat' dir='ltr'>dicere)</span> <span class='ocrx_word' id='word_1_194' title='bbox 906 2956 1025 3018; x_wconf 89' lang='lat' dir='ltr'>parem.</span> <span class='ocrx_word' id='word_1_195' title='bbox 1054 2935 1146 3001; x_wconf 90' lang='lat' dir='ltr'>Vale.</span> 
     </span>
    </p>
   </div>
   <div class='ocr_carea' id='block_1_7' title="bbox 264 3101 1187 3282">
    <p class='ocr_par' dir='ltr' id='par_1_13' title="bbox 264 3101 1187 3282">
     <span class='ocr_line' id='line_1_29' title="bbox 576 3101 687 3158; baseline 0 0"><span class='ocrx_word' id='word_1_196' title='bbox 576 3101 687 3158; x_wconf 87' lang='lat' dir='ltr'>XXHI.</span> 
     </span>
     <span class='ocr_line' id='line_1_30' title="bbox 264 3227 1187 3282; baseline 0.008 -7"><span class='ocrx_word' id='word_1_197' title='bbox 264 3230 295 3277; x_wconf 72' lang='lat' dir='ltr'>(J.</span> <span class='ocrx_word' id='word_1_198' title='bbox 312 3228 459 3278; x_wconf 82' lang='lat' dir='ltr'>PLINIUS</span> <span class='ocrx_word' id='word_1_199' title='bbox 479 3227 622 3277; x_wconf 83' lang='lat' dir='ltr'><strong>FABATO</strong></span> <span class='ocrx_word' id='word_1_200' title='bbox 642 3227 856 3277; x_wconf 79' lang='lat' dir='ltr'>PROSOCERO</span> <span class='ocrx_word' id='word_1_201' title='bbox 878 3227 946 3277; x_wconf 75' lang='lat' dir='ltr'>SUO</span> <span class='ocrx_word' id='word_1_202' title='bbox 968 3228 995 3277; x_wconf 81' lang='lat' dir='ltr'>S.</span> <span class='ocrx_word' id='word_1_203' title='bbox 1161 3242 1187 3282; x_wconf 76' lang='lat' dir='ltr'>ao</span> 
     </span>
    </p>
   </div>
   <div class='ocr_carea' id='block_1_8' title="bbox 86 3344 1145 3517">
    <p class='ocr_par' dir='ltr' id='par_1_14' title="bbox 86 3344 1145 3517">
     <span class='ocr_line' id='line_1_31' title="bbox 86 3344 1145 3430; baseline 0.001 -21"><span class='ocrx_word' id='word_1_204' title='bbox 86 3362 100 3409; x_wconf 96' lang='lat'>1</span> <span class='ocrx_word' id='word_1_205' title='bbox 189 3344 318 3410; x_wconf 78' lang='lat' dir='ltr'>Gaudeo</span> <span class='ocrx_word' id='word_1_206' title='bbox 344 3345 472 3430; x_wconf 93' lang='lat' dir='ltr'>quidem</span> <span class='ocrx_word' id='word_1_207' title='bbox 501 3366 569 3408; x_wconf 91' lang='lat' dir='ltr'>esse</span> <span class='ocrx_word' id='word_1_208' title='bbox 597 3349 629 3409; x_wconf 92' lang='lat' dir='ltr'>te</span> <span class='ocrx_word' id='word_1_209' title='bbox 657 3348 723 3408; x_wconf 90' lang='lat' dir='ltr'>tam</span> <span class='ocrx_word' id='word_1_210' title='bbox 754 3345 884 3425; x_wconf 87' lang='lat' dir='ltr'>fortem,</span> <span class='ocrx_word' id='word_1_211' title='bbox 908 3349 944 3408; x_wconf 90' lang='lat' dir='ltr'>ut</span> <span class='ocrx_word' id='word_1_212' title='bbox 967 3345 1145 3411; x_wconf 88' lang='lat' dir='ltr'>Mediolani</span> 
     </span>
     <span class='ocr_line' id='line_1_32' title="bbox 120 3434 1144 3517; baseline 0.002 -19"><span class='ocrx_word' id='word_1_213' title='bbox 120 3457 286 3499; x_wconf 87' lang='lat' dir='ltr'>occurrere</span> <span class='ocrx_word' id='word_1_214' title='bbox 320 3436 431 3499; x_wconf 85' lang='lat' dir='ltr'>Tironi</span> <span class='ocrx_word' id='word_1_215' title='bbox 464 3435 582 3517; x_wconf 88' lang='lat' dir='ltr'>possis,</span> <span class='ocrx_word' id='word_1_216' title='bbox 616 3434 670 3498; x_wconf 88' lang='lat' dir='ltr'>sed</span> <span class='ocrx_word' id='word_1_217' title='bbox 699 3436 736 3497; x_wconf 91' lang='lat' dir='ltr'>ut</span> <span class='ocrx_word' id='word_1_218' title='bbox 763 3456 945 3517; x_wconf 85' lang='lat' dir='ltr'>perseveres</span> <span class='ocrx_word' id='word_1_219' title='bbox 977 3456 1045 3500; x_wconf 90' lang='grc'>1111</span> <span class='ocrx_word' id='word_1_220' title='bbox 1076 3440 1144 3500; x_wconf 90' lang='lat' dir='ltr'>tam</span> 
     </span>
    </p>
   </div>
   <div class='ocr_carea' id='block_1_9' title="bbox 159 3609 412 3680">
    <p class='ocr_par' dir='ltr' id='par_1_15' title="bbox 159 3609 412 3680">
     <span class='ocr_line' id='line_1_33' title="bbox 159 3609 412 3680; baseline 0.043 -22"><span class='ocrx_word' id='word_1_221' title='bbox 159 3614 198 3659; x_wconf 78' lang='grc'>14</span> <span class='ocrx_word' id='word_1_222' title='bbox 217 3609 315 3680; x_wconf 75' lang='lat' dir='ltr'>lippis</span> <span class='ocrx_word' id='word_1_223' title='bbox 335 3628 412 3670; x_wconf 73' lang='grc'>111.</span> 
     </span>
    </p>
   </div>
   <div class='ocr_carea' id='block_1_10' title="bbox 0 0 1204 3862">
    <p class='ocr_par' dir='ltr' id='par_1_16' title="bbox 0 0 1204 3862">
     <span class='ocr_line' id='line_1_34' title="bbox 0 0 1204 3862; baseline 0 2"><span class='ocrx_word' id='word_1_224' title='bbox 0 0 1204 3862; x_wconf 95' lang='lat' dir='ltr'> </span> 
     </span>
    </p>
   </div>
  </div>
 </body>
</html>
