<?xml version="1.0" encoding="UTF-8"?>
<!DOCTYPE html PUBLIC "-//W3C//DTD XHTML 1.0 Transitional//EN"
    "http://www.w3.org/TR/xhtml1/DTD/xhtml1-transitional.dtd">
<html xmlns="http://www.w3.org/1999/xhtml" xml:lang="en" lang="en">
 <head>
  <title>
</title>
<meta http-equiv="Content-Type" content="text/html;charset=utf-8" />
  <meta name='ocr-system' content='tesseract 3.04.00' />
  <meta name='ocr-capabilities' content='ocr_page ocr_carea ocr_par ocr_line ocrx_word'/>
</head>
<body>
  <div class='ocr_page' id='page_1' title='image "./cplinicaecilise00kukugoog_0093.png"; bbox 0 0 2400 3862; ppageno 0'>
   <div class='ocr_carea' id='block_1_1' title="bbox 123 189 707 258">
    <p class='ocr_par' dir='ltr' id='par_1_1' title="bbox 123 189 707 258">
     <span class='ocr_line' id='line_1_1' title="bbox 123 189 707 258; baseline 0.007 -12"><span class='ocrx_word' id='word_1_1' title='bbox 123 194 165 258; x_wconf 78' lang='lat'>‘16</span> <span class='ocrx_word' id='word_1_2' title='bbox 532 215 534 219; x_wconf 44' lang='lat'><strong>¹</strong></span> <span class='ocrx_word' id='word_1_3' title='bbox 565 189 593 246; x_wconf 81' lang='lat' dir='ltr'>(l.</span> <span class='ocrx_word' id='word_1_4' title='bbox 608 189 707 250; x_wconf 73' lang='lat' dir='ltr'>PLINI</span> 
     </span>
    </p>
   </div>
   <div class='ocr_carea' id='block_1_2' title="bbox 87 352 1194 2490">
    <p class='ocr_par' dir='ltr' id='par_1_2' title="bbox 87 352 1194 2490">
     <span class='ocr_line' id='line_1_2' title="bbox 87 352 1149 440; baseline -0.001 -21"><span class='ocrx_word' id='word_1_5' title='bbox 87 355 219 419; x_wconf 76' lang='lat' dir='ltr'>rcertis</span> <span class='ocrx_word' id='word_1_6' title='bbox 252 354 446 438; x_wconf 88' lang='lat' dir='ltr'>quibusdam</span> <span class='ocrx_word' id='word_1_7' title='bbox 477 354 564 420; x_wconf 88' lang='lat' dir='ltr'>notis</span> <span class='ocrx_word' id='word_1_8' title='bbox 590 375 775 440; x_wconf 79' lang='lat' dir='ltr'>augurarer.</span> <span class='ocrx_word' id='word_1_9' title='bbox 827 352 904 420; x_wconf 89' lang='lat' dir='ltr'>Non</span> <span class='ocrx_word' id='word_1_10' title='bbox 932 353 1004 420; x_wconf 90' lang='lat' dir='ltr'>ideo</span> <span class='ocrx_word' id='word_1_11' title='bbox 1037 357 1149 418; x_wconf 90' lang='lat' dir='ltr'>tamen</span> 
     </span>
     <span class='ocr_line' id='line_1_3' title="bbox 123 442 1149 531; baseline 0 -23"><span class='ocrx_word' id='word_1_12' title='bbox 123 444 272 509; x_wconf 82' lang='lat' dir='ltr'>eximiam</span> <span class='ocrx_word' id='word_1_13' title='bbox 295 444 433 530; x_wconf 81' lang='lat' dir='ltr'><strong>gloriam</strong></span> <span class='ocrx_word' id='word_1_14' title='bbox 456 444 611 509; x_wconf 91' lang='lat' dir='ltr'>meruisse</span> <span class='ocrx_word' id='word_1_15' title='bbox 634 464 694 527; x_wconf 91' lang='lat' dir='ltr'>me,</span> <span class='ocrx_word' id='word_1_16' title='bbox 716 447 754 507; x_wconf 90' lang='lat' dir='ltr'>nt</span> <span class='ocrx_word' id='word_1_17' title='bbox 776 444 832 508; x_wconf 91' lang='lat' dir='ltr'>ille</span> <span class='ocrx_word' id='word_1_18' title='bbox 846 442 1018 531; x_wconf 81' lang='lat' dir='ltr'>praedicat,</span> <span class='ocrx_word' id='word_1_19' title='bbox 1042 443 1149 524; x_wconf 89' lang='lat' dir='ltr'>credo,</span> 
     </span>
     <span class='ocr_line' id='line_1_4' title="bbox 87 530 1149 619; baseline -0.002 -21"><span class='ocrx_word' id='word_1_20' title='bbox 87 533 178 598; x_wconf 77' lang='lat' dir='ltr'>ssed</span> <span class='ocrx_word' id='word_1_21' title='bbox 201 537 329 598; x_wconf 86' lang='lat' dir='ltr'>tantum</span> <span class='ocrx_word' id='word_1_22' title='bbox 352 532 502 619; x_wconf 79' lang='lat' dir='ltr'>effugisse</span> <span class='ocrx_word' id='word_1_23' title='bbox 526 532 695 619; x_wconf 79' lang='lat' dir='ltr'>flagitium.</span> <span class='ocrx_word' id='word_1_24' title='bbox 741 530 828 598; x_wconf 87' lang='lat' dir='ltr'>Nam</span> <span class='ocrx_word' id='word_1_25' title='bbox 851 537 884 597; x_wconf 93' lang='lat' dir='ltr'>et</span> <span class='ocrx_word' id='word_1_26' title='bbox 903 531 935 597; x_wconf 83' lang='lat'>0.</span> <span class='ocrx_word' id='word_1_27' title='bbox 950 532 1149 616; x_wconf 78' lang='lat' dir='ltr'>Musonium,</span> 
     </span>
     <span class='ocr_line' id='line_1_5' title="bbox 123 622 1149 706; baseline 0 -19"><span class='ocrx_word' id='word_1_28' title='bbox 123 644 269 688; x_wconf 78' lang='lat' dir='ltr'><strong>socerum</strong></span> <span class='ocrx_word' id='word_1_29' title='bbox 292 622 369 704; x_wconf 84' lang='lat' dir='ltr'>eius,</span> <span class='ocrx_word' id='word_1_30' title='bbox 393 627 551 706; x_wconf 88' lang='lat' dir='ltr'>quantum</span> <span class='ocrx_word' id='word_1_31' title='bbox 580 622 707 688; x_wconf 88' lang='lat' dir='ltr'>licitum</span> <span class='ocrx_word' id='word_1_32' title='bbox 730 626 780 688; x_wconf 91' lang='lat' dir='ltr'>est</span> <span class='ocrx_word' id='word_1_33' title='bbox 801 644 859 706; x_wconf 86' lang='lat' dir='ltr'>per</span> <span class='ocrx_word' id='word_1_34' title='bbox 888 625 1039 706; x_wconf 82' lang='lat' dir='ltr'>aetatem,</span> <span class='ocrx_word' id='word_1_35' title='bbox 1072 644 1149 687; x_wconf 89' lang='lat' dir='ltr'>cum</span> 
     </span>
     <span class='ocr_line' id='line_1_6' title="bbox 123 709 1183 795; baseline 0.004 -18"><span class='ocrx_word' id='word_1_36' title='bbox 123 712 334 777; x_wconf 78' lang='lat' dir='ltr'>admiratione</span> <span class='ocrx_word' id='word_1_37' title='bbox 366 711 464 777; x_wconf 85' lang='lat' dir='ltr'>dilexi</span> <span class='ocrx_word' id='word_1_38' title='bbox 501 715 534 775; x_wconf 90' lang='lat' dir='ltr'>et</span> <span class='ocrx_word' id='word_1_39' title='bbox 565 709 806 777; x_wconf 83' lang='lat' dir='ltr'>Artemidorum</span> <span class='ocrx_word' id='word_1_40' title='bbox 831 712 939 795; x_wconf 88' lang='lat' dir='ltr'>ipsum</span> <span class='ocrx_word' id='word_1_41' title='bbox 970 712 1035 776; x_wconf 87' lang='lat' dir='ltr'>iam</span> <span class='ocrx_word' id='word_1_42' title='bbox 1068 715 1183 795; x_wconf 88' lang='lat' dir='ltr'>tum,s</span> 
     </span>
     <span class='ocr_line' id='line_1_7' title="bbox 124 799 1150 885; baseline -0.002 -19"><span class='ocrx_word' id='word_1_43' title='bbox 124 823 196 866; x_wconf 90' lang='lat' dir='ltr'>oum</span> <span class='ocrx_word' id='word_1_44' title='bbox 230 801 264 864; x_wconf 94' lang='lat' dir='ltr'>in</span> <span class='ocrx_word' id='word_1_45' title='bbox 297 799 391 885; x_wconf 87' lang='lat' dir='ltr'>Syria</span> <span class='ocrx_word' id='word_1_46' title='bbox 422 801 572 866; x_wconf 90' lang='lat' dir='ltr'>tribunus</span> <span class='ocrx_word' id='word_1_47' title='bbox 604 800 790 880; x_wconf 85' lang='lat' dir='ltr'>militarem,</span> <span class='ocrx_word' id='word_1_48' title='bbox 827 804 897 865; x_wconf 89' lang='lat' dir='ltr'>arta</span> <span class='ocrx_word' id='word_1_49' title='bbox 928 800 1150 866; x_wconf 86' lang='lat' dir='ltr'>familiaritate</span> 
     </span>
     <span class='ocr_line' id='line_1_8' title="bbox 123 889 1149 974; baseline -0.001 -19"><span class='ocrx_word' id='word_1_50' title='bbox 123 891 310 973; x_wconf 85' lang='lat' dir='ltr'>complexus</span> <span class='ocrx_word' id='word_1_51' title='bbox 334 912 405 955; x_wconf 92' lang='lat' dir='ltr'>sum</span> <span class='ocrx_word' id='word_1_52' title='bbox 428 889 525 973; x_wconf 90' lang='lat' dir='ltr'>idque</span> <span class='ocrx_word' id='word_1_53' title='bbox 544 890 684 974; x_wconf 87' lang='lat' dir='ltr'>primum</span> <span class='ocrx_word' id='word_1_54' title='bbox 707 910 774 955; x_wconf 94' lang='lat' dir='ltr'>non</span> <span class='ocrx_word' id='word_1_55' title='bbox 796 890 918 955; x_wconf 86' lang='lat' dir='ltr'>nullius</span> <span class='ocrx_word' id='word_1_56' title='bbox 937 889 1055 955; x_wconf 92' lang='lat' dir='ltr'>indolis</span> <span class='ocrx_word' id='word_1_57' title='bbox 1075 889 1149 954; x_wconf 91' lang='lat' dir='ltr'>dedi</span> 
     </span>
     <span class='ocr_line' id='line_1_9' title="bbox 123 978 1149 1063; baseline 0.001 -20"><span class='ocrx_word' id='word_1_58' title='bbox 123 979 300 1062; x_wconf 78' lang='lat' dir='ltr'>specimen,</span> <span class='ocrx_word' id='word_1_59' title='bbox 323 979 410 1063; x_wconf 94' lang='lat' dir='ltr'>quod</span> <span class='ocrx_word' id='word_1_60' title='bbox 441 980 548 1045; x_wconf 84' lang='lat' dir='ltr'>virum</span> <span class='ocrx_word' id='word_1_61' title='bbox 579 983 635 1044; x_wconf 93' lang='lat' dir='ltr'>aut</span> <span class='ocrx_word' id='word_1_62' title='bbox 667 978 846 1063; x_wconf 86' lang='lat' dir='ltr'>sapientem</span> <span class='ocrx_word' id='word_1_63' title='bbox 877 983 933 1044; x_wconf 85' lang='lat' dir='ltr'>aut</span> <span class='ocrx_word' id='word_1_64' title='bbox 962 979 1149 1063; x_wconf 87' lang='lat' dir='ltr'>proximum</span> 
     </span>
     <span class='ocr_line' id='line_1_10' title="bbox 88 1067 1149 1154; baseline -0.001 -20"><span class='ocrx_word' id='word_1_65' title='bbox 88 1068 389 1152; x_wconf 84' lang='lat' dir='ltr'>osimillimumque</span> <span class='ocrx_word' id='word_1_66' title='bbox 421 1069 560 1152; x_wconf 86' lang='lat' dir='ltr'>sapienti</span> <span class='ocrx_word' id='word_1_67' title='bbox 591 1068 778 1154; x_wconf 78' lang='lat' dir='ltr'>intellegere</span> <span class='ocrx_word' id='word_1_68' title='bbox 810 1091 882 1133; x_wconf 91' lang='lat' dir='ltr'>sum</span> <span class='ocrx_word' id='word_1_69' title='bbox 912 1068 1009 1133; x_wconf 84' lang='lat' dir='ltr'>visus.</span> <span class='ocrx_word' id='word_1_70' title='bbox 1061 1067 1149 1134; x_wconf 89' lang='lat' dir='ltr'>Nam</span> 
     </span>
     <span class='ocr_line' id='line_1_11' title="bbox 124 1157 1194 1241; baseline 0.003 -19"><span class='ocrx_word' id='word_1_71' title='bbox 124 1179 163 1222; x_wconf 85' lang='lat' dir='ltr'>ex</span> <span class='ocrx_word' id='word_1_72' title='bbox 187 1158 345 1240; x_wconf 87' lang='lat' dir='ltr'>omnibus,</span> <span class='ocrx_word' id='word_1_73' title='bbox 360 1157 416 1241; x_wconf 89' lang='lat' dir='ltr'>qui</span> <span class='ocrx_word' id='word_1_74' title='bbox 433 1179 521 1224; x_wconf 88' lang='lat' dir='ltr'>nunc</span> <span class='ocrx_word' id='word_1_75' title='bbox 545 1179 579 1223; x_wconf 91' lang='lat' dir='ltr'>se</span> <span class='ocrx_word' id='word_1_76' title='bbox 597 1157 810 1241; x_wconf 88' lang='lat' dir='ltr'>philosophos</span> <span class='ocrx_word' id='word_1_77' title='bbox 828 1162 955 1241; x_wconf 83' lang='lat' dir='ltr'>vocant,</span> <span class='ocrx_word' id='word_1_78' title='bbox 978 1157 1033 1222; x_wconf 78' lang='lat' dir='ltr'>rix</span> <span class='ocrx_word' id='word_1_79' title='bbox 1047 1180 1150 1222; x_wconf 92' lang='lat' dir='ltr'>unum</span> <span class='ocrx_word' id='word_1_80' title='bbox 1169 1184 1194 1226; x_wconf 77' lang='lat' dir='ltr'>rr</span> 
     </span>
     <span class='ocr_line' id='line_1_12' title="bbox 125 1246 1150 1330; baseline 0 -20"><span class='ocrx_word' id='word_1_81' title='bbox 125 1250 181 1311; x_wconf 90' lang='lat' dir='ltr'>aut</span> <span class='ocrx_word' id='word_1_82' title='bbox 204 1247 341 1316; x_wconf 87' lang='lat' dir='ltr'>alterum</span> <span class='ocrx_word' id='word_1_83' title='bbox 365 1246 509 1312; x_wconf 78' lang='lat' dir='ltr'>invenies</span> <span class='ocrx_word' id='word_1_84' title='bbox 533 1250 624 1315; x_wconf 83' lang='lat' dir='ltr'>tanta</span> <span class='ocrx_word' id='word_1_85' title='bbox 656 1246 850 1330; x_wconf 77' lang='lat' dir='ltr'>sinceritate,</span> <span class='ocrx_word' id='word_1_86' title='bbox 881 1250 972 1311; x_wconf 84' lang='lat' dir='ltr'>tanta</span> <span class='ocrx_word' id='word_1_87' title='bbox 1003 1247 1150 1311; x_wconf 77' lang='lat' dir='ltr'>veritate.</span> 
     </span>
     <span class='ocr_line' id='line_1_13' title="bbox 123 1335 1151 1420; baseline 0.001 -20"><span class='ocrx_word' id='word_1_88' title='bbox 123 1335 230 1420; x_wconf 84' lang='lat' dir='ltr'>Mitto,</span> <span class='ocrx_word' id='word_1_89' title='bbox 254 1358 318 1420; x_wconf 91' lang='lat' dir='ltr'>qua</span> <span class='ocrx_word' id='word_1_90' title='bbox 339 1335 496 1420; x_wconf 89' lang='lat' dir='ltr'>patientia</span> <span class='ocrx_word' id='word_1_91' title='bbox 519 1337 663 1420; x_wconf 85' lang='lat' dir='ltr'>corporis</span> <span class='ocrx_word' id='word_1_92' title='bbox 692 1335 814 1402; x_wconf 79' lang='lat' dir='ltr'>hiemes</span> <span class='ocrx_word' id='word_1_93' title='bbox 836 1337 928 1401; x_wconf 82' lang='lat' dir='ltr'>iuxta</span> <span class='ocrx_word' id='word_1_94' title='bbox 951 1339 984 1401; x_wconf 92' lang='lat' dir='ltr'>et</span> <span class='ocrx_word' id='word_1_95' title='bbox 1012 1338 1151 1401; x_wconf 80' lang='lat' dir='ltr'>aestates</span> 
     </span>
     <span class='ocr_line' id='line_1_14' title="bbox 123 1424 1152 1509; baseline 0 -20"><span class='ocrx_word' id='word_1_96' title='bbox 123 1425 216 1508; x_wconf 85' lang='lat' dir='ltr'>ferat,</span> <span class='ocrx_word' id='word_1_97' title='bbox 242 1430 280 1490; x_wconf 91' lang='lat' dir='ltr'>ut</span> <span class='ocrx_word' id='word_1_98' title='bbox 306 1426 405 1490; x_wconf 90' lang='lat' dir='ltr'>nullis</span> <span class='ocrx_word' id='word_1_99' title='bbox 432 1426 597 1491; x_wconf 83' lang='lat' dir='ltr'>laboribus</span> <span class='ocrx_word' id='word_1_100' title='bbox 628 1424 734 1509; x_wconf 82' lang='lat' dir='ltr'>cedat,</span> <span class='ocrx_word' id='word_1_101' title='bbox 761 1429 798 1490; x_wconf 93' lang='lat' dir='ltr'>ut</span> <span class='ocrx_word' id='word_1_102' title='bbox 826 1425 911 1489; x_wconf 91' lang='lat' dir='ltr'>nihil</span> <span class='ocrx_word' id='word_1_103' title='bbox 940 1426 975 1488; x_wconf 94' lang='lat' dir='ltr'>in</span> <span class='ocrx_word' id='word_1_104' title='bbox 1005 1425 1088 1508; x_wconf 87' lang='lat' dir='ltr'>cibo,</span> <span class='ocrx_word' id='word_1_105' title='bbox 1117 1426 1152 1489; x_wconf 91' lang='lat' dir='ltr'>in</span> 
     </span>
     <span class='ocr_line' id='line_1_15' title="bbox 123 1514 1153 1598; baseline 0 -19"><span class='ocrx_word' id='word_1_106' title='bbox 123 1519 204 1598; x_wconf 91' lang='lat' dir='ltr'>potu</span> <span class='ocrx_word' id='word_1_107' title='bbox 227 1515 450 1597; x_wconf 83' lang='lat' dir='ltr'>voluptatibus</span> <span class='ocrx_word' id='word_1_108' title='bbox 478 1514 615 1597; x_wconf 85' lang='lat' dir='ltr'>tribuet,</span> <span class='ocrx_word' id='word_1_109' title='bbox 641 1518 678 1579; x_wconf 92' lang='lat' dir='ltr'>ut</span> <span class='ocrx_word' id='word_1_110' title='bbox 706 1515 817 1580; x_wconf 93' lang='lat' dir='ltr'>oculos</span> <span class='ocrx_word' id='word_1_111' title='bbox 845 1515 1052 1597; x_wconf 89' lang='lat' dir='ltr'>animumque</span> <span class='ocrx_word' id='word_1_112' title='bbox 1076 1535 1153 1579; x_wconf 91' lang='lat' dir='ltr'>con·</span> 
     </span>
     <span class='ocr_line' id='line_1_16' title="bbox 90 1602 1194 1687; baseline 0.005 -21"><span class='ocrx_word' id='word_1_113' title='bbox 90 1604 233 1667; x_wconf 71' lang='lat' dir='ltr'>stineat.</span> <span class='ocrx_word' id='word_1_114' title='bbox 281 1602 364 1668; x_wconf 87' lang='lat' dir='ltr'>Sunt</span> <span class='ocrx_word' id='word_1_115' title='bbox 386 1604 466 1668; x_wconf 93' lang='lat' dir='ltr'>haec</span> <span class='ocrx_word' id='word_1_116' title='bbox 490 1625 619 1687; x_wconf 82' lang='lat' dir='ltr'>magna,</span> <span class='ocrx_word' id='word_1_117' title='bbox 652 1603 707 1668; x_wconf 92' lang='lat' dir='ltr'>sed</span> <span class='ocrx_word' id='word_1_118' title='bbox 740 1604 775 1667; x_wconf 92' lang='lat' dir='ltr'>in</span> <span class='ocrx_word' id='word_1_119' title='bbox 807 1603 882 1687; x_wconf 84' lang='lat' dir='ltr'>alio,</span> <span class='ocrx_word' id='word_1_120' title='bbox 912 1603 948 1667; x_wconf 91' lang='lat' dir='ltr'>in</span> <span class='ocrx_word' id='word_1_121' title='bbox 978 1603 1042 1668; x_wconf 90' lang='lat' dir='ltr'>hoc</span> <span class='ocrx_word' id='word_1_122' title='bbox 1072 1625 1150 1668; x_wconf 79' lang='lat' dir='ltr'>vero</span> <span class='ocrx_word' id='word_1_123' title='bbox 1171 1629 1194 1672; x_wconf 84' lang='grc'>11</span> 
     </span>
     <span class='ocr_line' id='line_1_17' title="bbox 125 1692 1153 1776; baseline 0.001 -20"><span class='ocrx_word' id='word_1_124' title='bbox 125 1692 274 1774; x_wconf 88' lang='lat' dir='ltr'>minima,</span> <span class='ocrx_word' id='word_1_125' title='bbox 296 1692 324 1756; x_wconf 94' lang='lat' dir='ltr'>si</span> <span class='ocrx_word' id='word_1_126' title='bbox 343 1693 457 1757; x_wconf 89' lang='lat' dir='ltr'>ceteris</span> <span class='ocrx_word' id='word_1_127' title='bbox 481 1692 654 1764; x_wconf 78' lang='lat' dir='ltr'>virtutibus</span> <span class='ocrx_word' id='word_1_128' title='bbox 684 1696 922 1776; x_wconf 85' lang='lat' dir='ltr'>comparentur,</span> <span class='ocrx_word' id='word_1_129' title='bbox 946 1693 1063 1776; x_wconf 93' lang='lat' dir='ltr'>quibus</span> <span class='ocrx_word' id='word_1_130' title='bbox 1088 1714 1153 1757; x_wconf 90' lang='lat' dir='ltr'>me-</span> 
     </span>
     <span class='ocr_line' id='line_1_18' title="bbox 124 1779 1153 1862; baseline 0.002 -17"><span class='ocrx_word' id='word_1_131' title='bbox 124 1782 199 1862; x_wconf 84' lang='lat' dir='ltr'>ruit,</span> <span class='ocrx_word' id='word_1_132' title='bbox 221 1785 300 1845; x_wconf 88' lang='lat' dir='ltr'>uta</span> <span class='ocrx_word' id='word_1_133' title='bbox 332 1779 363 1845; x_wconf 81' lang='grc' dir='ltr'>Ο.</span> <span class='ocrx_word' id='word_1_134' title='bbox 383 1781 534 1847; x_wconf 89' lang='lat' dir='ltr'>Musonio</span> <span class='ocrx_word' id='word_1_135' title='bbox 568 1804 608 1846; x_wconf 88' lang='lat' dir='ltr'>ex</span> <span class='ocrx_word' id='word_1_136' title='bbox 640 1782 790 1846; x_wconf 90' lang='lat' dir='ltr'>omnibus</span> <span class='ocrx_word' id='word_1_137' title='bbox 823 1782 966 1847; x_wconf 92' lang='lat' dir='ltr'>omnium</span> <span class='ocrx_word' id='word_1_138' title='bbox 1000 1781 1153 1847; x_wconf 88' lang='lat' dir='ltr'>ordinum</span> 
     </span>
     <span class='ocr_line' id='line_1_19' title="bbox 90 1869 1154 1957; baseline 0.001 -23"><span class='ocrx_word' id='word_1_139' title='bbox 90 1870 378 1935; x_wconf 78' lang='lat' dir='ltr'>sedseotetoribus</span> <span class='ocrx_word' id='word_1_140' title='bbox 410 1893 509 1957; x_wconf 82' lang='lat' dir='ltr'>gener</span> <span class='ocrx_word' id='word_1_141' title='bbox 543 1870 770 1936; x_wconf 86' lang='lat' dir='ltr'>adsumeretur.</span> <span class='ocrx_word' id='word_1_142' title='bbox 824 1869 912 1949; x_wconf 84' lang='lat' dir='ltr'>Quae</span> <span class='ocrx_word' id='word_1_143' title='bbox 937 1869 1017 1935; x_wconf 91' lang='lat' dir='ltr'>mihi</span> <span class='ocrx_word' id='word_1_144' title='bbox 1047 1892 1154 1937; x_wconf 84' lang='lat' dir='ltr'>recor·</span> 
     </span>
     <span class='ocr_line' id='line_1_20' title="bbox 126 1959 1153 2044; baseline 0.001 -21"><span class='ocrx_word' id='word_1_145' title='bbox 126 1960 215 2024; x_wconf 88' lang='lat' dir='ltr'>danti</span> <span class='ocrx_word' id='word_1_146' title='bbox 239 1963 287 2024; x_wconf 92' lang='lat' dir='ltr'>est</span> <span class='ocrx_word' id='word_1_147' title='bbox 311 1959 441 2043; x_wconf 89' lang='lat' dir='ltr'>quidem</span> <span class='ocrx_word' id='word_1_148' title='bbox 460 1960 643 2043; x_wconf 87' lang='lat' dir='ltr'>iucundum,</span> <span class='ocrx_word' id='word_1_149' title='bbox 667 1960 754 2044; x_wconf 94' lang='lat' dir='ltr'>quod</span> <span class='ocrx_word' id='word_1_150' title='bbox 783 1982 834 2024; x_wconf 92' lang='lat' dir='ltr'>me</span> <span class='ocrx_word' id='word_1_151' title='bbox 862 1982 936 2025; x_wconf 91' lang='lat' dir='ltr'>cum</span> <span class='ocrx_word' id='word_1_152' title='bbox 960 1959 1046 2044; x_wconf 90' lang='lat' dir='ltr'>apud</span> <span class='ocrx_word' id='word_1_153' title='bbox 1069 1961 1153 2026; x_wconf 90' lang='lat' dir='ltr'>alios</span> 
     </span>
     <span class='ocr_line' id='line_1_21' title="bbox 125 2049 1194 2133; baseline 0.005 -21"><span class='ocrx_word' id='word_1_154' title='bbox 125 2054 195 2113; x_wconf 90' lang='lat' dir='ltr'>tum</span> <span class='ocrx_word' id='word_1_155' title='bbox 227 2049 312 2133; x_wconf 85' lang='lat' dir='ltr'>apud</span> <span class='ocrx_word' id='word_1_156' title='bbox 344 2053 375 2113; x_wconf 93' lang='lat' dir='ltr'>te</span> <span class='ocrx_word' id='word_1_157' title='bbox 408 2050 506 2114; x_wconf 89' lang='lat' dir='ltr'>tantis</span> <span class='ocrx_word' id='word_1_158' title='bbox 534 2049 684 2115; x_wconf 86' lang='lat' dir='ltr'>leudibus</span> <span class='ocrx_word' id='word_1_159' title='bbox 708 2050 868 2131; x_wconf 87' lang='lat' dir='ltr'>cumulat,</span> <span class='ocrx_word' id='word_1_160' title='bbox 899 2071 1011 2114; x_wconf 79' lang='lat' dir='ltr'>vereor</span> <span class='ocrx_word' id='word_1_161' title='bbox 1033 2052 1154 2132; x_wconf 89' lang='lat' dir='ltr'>tamen,</span> <span class='ocrx_word' id='word_1_162' title='bbox 1172 2076 1194 2117; x_wconf 82' lang='lat' dir='ltr'>rr</span> 
     </span>
     <span class='ocr_line' id='line_1_22' title="bbox 93 2135 1155 2224; baseline 0.002 -22"><span class='ocrx_word' id='word_1_163' title='bbox 93 2207 95 2211; x_wconf 56' lang='grc'>,</span> <span class='ocrx_word' id='word_1_164' title='bbox 125 2162 165 2202; x_wconf 90' lang='lat' dir='ltr'>ne</span> <span class='ocrx_word' id='word_1_165' title='bbox 189 2138 321 2203; x_wconf 94' lang='lat' dir='ltr'>modum</span> <span class='ocrx_word' id='word_1_166' title='bbox 345 2139 487 2223; x_wconf 85' lang='lat' dir='ltr'>excedat,</span> <span class='ocrx_word' id='word_1_167' title='bbox 509 2161 605 2222; x_wconf 91' lang='lat' dir='ltr'>quem</span> <span class='ocrx_word' id='word_1_168' title='bbox 632 2139 814 2224; x_wconf 80' lang='lat' dir='ltr'>benignitas</span> <span class='ocrx_word' id='word_1_169' title='bbox 839 2139 907 2203; x_wconf 86' lang='lat' dir='ltr'>eius</span> <span class='ocrx_word' id='word_1_170' title='bbox 935 2135 1028 2224; x_wconf 90' lang='lat' dir='ltr'>(illuc</span> <span class='ocrx_word' id='word_1_171' title='bbox 1056 2138 1155 2223; x_wconf 90' lang='lat' dir='ltr'>enim,</span> 
     </span>
     <span class='ocr_line' id='line_1_23' title="bbox 90 2225 1154 2314; baseline 0.004 -25"><span class='ocrx_word' id='word_1_172' title='bbox 90 2229 210 2291; x_wconf 75' lang='lat' dir='ltr'>eunde</span> <span class='ocrx_word' id='word_1_173' title='bbox 233 2228 334 2310; x_wconf 82' lang='lat' dir='ltr'>coepi,</span> <span class='ocrx_word' id='word_1_174' title='bbox 357 2225 515 2314; x_wconf 82' lang='lat' dir='ltr'>revertor)</span> <span class='ocrx_word' id='word_1_175' title='bbox 541 2229 623 2294; x_wconf 86' lang='lat' dir='ltr'>solet</span> <span class='ocrx_word' id='word_1_176' title='bbox 654 2250 721 2292; x_wconf 89' lang='lat' dir='ltr'>non</span> <span class='ocrx_word' id='word_1_177' title='bbox 743 2231 859 2292; x_wconf 90' lang='lat' dir='ltr'>tenere.</span> <span class='ocrx_word' id='word_1_178' title='bbox 905 2225 990 2292; x_wconf 88' lang='lat' dir='ltr'>Nem</span> <span class='ocrx_word' id='word_1_179' title='bbox 1023 2227 1057 2291; x_wconf 90' lang='lat' dir='ltr'>in</span> <span class='ocrx_word' id='word_1_180' title='bbox 1088 2227 1154 2293; x_wconf 91' lang='lat' dir='ltr'>hoc</span> 
     </span>
     <span class='ocr_line' id='line_1_24' title="bbox 125 2316 1154 2401; baseline 0.003 -22"><span class='ocrx_word' id='word_1_181' title='bbox 125 2339 190 2380; x_wconf 92' lang='lat' dir='ltr'>uno</span> <span class='ocrx_word' id='word_1_182' title='bbox 214 2317 374 2381; x_wconf 90' lang='lat' dir='ltr'>interdum</span> <span class='ocrx_word' id='word_1_183' title='bbox 399 2319 449 2381; x_wconf 87' lang='lat' dir='ltr'>vir</span> <span class='ocrx_word' id='word_1_184' title='bbox 472 2317 594 2401; x_wconf 86' lang='lat' dir='ltr'>alioqui</span> <span class='ocrx_word' id='word_1_185' title='bbox 617 2316 885 2400; x_wconf 90' lang='lat' dir='ltr'>prudentissimus</span> <span class='ocrx_word' id='word_1_186' title='bbox 914 2318 1050 2383; x_wconf 92' lang='lat' dir='ltr'>honesto</span> <span class='ocrx_word' id='word_1_187' title='bbox 1082 2318 1154 2401; x_wconf 93' lang='lat' dir='ltr'>qui-</span> 
     </span>
     <span class='ocr_line' id='line_1_25' title="bbox 126 2405 1153 2490; baseline 0.002 -22"><span class='ocrx_word' id='word_1_188' title='bbox 126 2405 207 2487; x_wconf 77' lang='lat' dir='ltr'>dem,</span> <span class='ocrx_word' id='word_1_189' title='bbox 231 2405 287 2469; x_wconf 93' lang='lat' dir='ltr'>sed</span> <span class='ocrx_word' id='word_1_190' title='bbox 317 2409 425 2470; x_wconf 89' lang='lat' dir='ltr'>tamen</span> <span class='ocrx_word' id='word_1_191' title='bbox 455 2429 561 2472; x_wconf 89' lang='lat' dir='ltr'>errore</span> <span class='ocrx_word' id='word_1_192' title='bbox 592 2409 752 2490; x_wconf 85' lang='lat' dir='ltr'>versatur,</span> <span class='ocrx_word' id='word_1_193' title='bbox 779 2406 866 2490; x_wconf 94' lang='lat' dir='ltr'>quod</span> <span class='ocrx_word' id='word_1_194' title='bbox 896 2405 999 2489; x_wconf 91' lang='lat' dir='ltr'>pluris</span> <span class='ocrx_word' id='word_1_195' title='bbox 1030 2406 1153 2472; x_wconf 89' lang='lat' dir='ltr'>amicos</span> 
     </span>
    </p>
   </div>
   <div class='ocr_carea' id='block_1_3' title="bbox 126 2494 1194 2596">
    <p class='ocr_par' dir='ltr' id='par_1_3' title="bbox 126 2494 1194 2596">
     <span class='ocr_line' id='line_1_26' title="bbox 126 2494 1194 2596; baseline 0.007 -39"><span class='ocrx_word' id='word_1_196' title='bbox 126 2517 216 2596; x_wconf 86' lang='lat' dir='ltr'>suos,</span> <span class='ocrx_word' id='word_1_197' title='bbox 240 2516 335 2578; x_wconf 91' lang='lat' dir='ltr'>quam</span> <span class='ocrx_word' id='word_1_198' title='bbox 360 2499 445 2578; x_wconf 89' lang='lat' dir='ltr'>sunt,</span> <span class='ocrx_word' id='word_1_199' title='bbox 468 2496 650 2561; x_wconf 85' lang='lat' dir='ltr'>arbitratur.</span> <span class='ocrx_word' id='word_1_200' title='bbox 696 2494 786 2559; x_wconf 91' lang='lat' dir='ltr'>Vale.</span> <span class='ocrx_word' id='word_1_201' title='bbox 1171 2522 1194 2568; x_wconf 80' lang='lat' dir='ltr'>re</span> 
     </span>
    </p>
   </div>
   <div class='ocr_carea' id='block_1_4' title="bbox 312 2660 971 2821">
    <p class='ocr_par' dir='ltr' id='par_1_4' title="bbox 312 2660 971 2821">
     <span class='ocr_line' id='line_1_27' title="bbox 599 2660 666 2718; baseline -0.015 0"><span class='ocrx_word' id='word_1_202' title='bbox 599 2660 666 2718; x_wconf 87' lang='lat' dir='ltr'>XII.</span> 
     </span>
     <span class='ocr_line' id='line_1_28' title="bbox 312 2768 971 2821; baseline -0.002 -1"><span class='ocrx_word' id='word_1_203' title='bbox 312 2769 342 2820; x_wconf 82' lang='lat' dir='ltr'>C.</span> <span class='ocrx_word' id='word_1_204' title='bbox 356 2769 504 2820; x_wconf 80' lang='lat' dir='ltr'>PLINIUS</span> <span class='ocrx_word' id='word_1_205' title='bbox 523 2770 671 2821; x_wconf 82' lang='lat' dir='ltr'><strong>CATILIO</strong></span> <span class='ocrx_word' id='word_1_206' title='bbox 692 2769 833 2820; x_wconf 82' lang='lat' dir='ltr'>SEVERO</span> <span class='ocrx_word' id='word_1_207' title='bbox 854 2769 923 2819; x_wconf 88' lang='lat' dir='ltr'>SUO</span> <span class='ocrx_word' id='word_1_208' title='bbox 944 2768 971 2819; x_wconf 87' lang='lat' dir='ltr'>S.</span> 
     </span>
    </p>
   </div>
   <div class='ocr_carea' id='block_1_5' title="bbox 92 2869 1194 3523">
    <p class='ocr_par' dir='ltr' id='par_1_5' title="bbox 92 2869 1194 3399">
     <span class='ocr_line' id='line_1_29' title="bbox 93 2869 1154 2954; baseline -0.002 -19"><span class='ocrx_word' id='word_1_209' title='bbox 93 2882 104 2928; x_wconf 90' lang='lat'>1</span> <span class='ocrx_word' id='word_1_210' title='bbox 185 2870 321 2935; x_wconf 89' lang='lat' dir='ltr'>Veniam</span> <span class='ocrx_word' id='word_1_211' title='bbox 345 2869 384 2933; x_wconf 90' lang='lat' dir='ltr'>ad</span> <span class='ocrx_word' id='word_1_212' title='bbox 408 2891 533 2954; x_wconf 82' lang='lat' dir='ltr'>cenem,</span> <span class='ocrx_word' id='word_1_213' title='bbox 557 2870 612 2934; x_wconf 89' lang='lat' dir='ltr'>sed</span> <span class='ocrx_word' id='word_1_214' title='bbox 641 2870 705 2934; x_wconf 88' lang='lat' dir='ltr'>iam</span> <span class='ocrx_word' id='word_1_215' title='bbox 727 2891 814 2934; x_wconf 90' lang='lat' dir='ltr'>nunc</span> <span class='ocrx_word' id='word_1_216' title='bbox 842 2869 1001 2953; x_wconf 82' lang='lat' dir='ltr'>paciscor,</span> <span class='ocrx_word' id='word_1_217' title='bbox 1029 2869 1073 2933; x_wconf 91' lang='lat' dir='ltr'>sit</span> <span class='ocrx_word' id='word_1_218' title='bbox 1101 2891 1154 2933; x_wconf 86' lang='lat' dir='ltr'>ex·</span> 
     </span>
     <span class='ocr_line' id='line_1_30' title="bbox 126 2957 1155 3044; baseline -0.003 -20"><span class='ocrx_word' id='word_1_219' title='bbox 126 2959 243 3044; x_wconf 85' lang='lat' dir='ltr'>pedite,</span> <span class='ocrx_word' id='word_1_220' title='bbox 263 2960 305 3024; x_wconf 91' lang='lat' dir='ltr'>sit</span> <span class='ocrx_word' id='word_1_221' title='bbox 323 2980 427 3042; x_wconf 82' lang='lat' dir='ltr'>parca,</span> <span class='ocrx_word' id='word_1_222' title='bbox 447 2957 619 3024; x_wconf 79' lang='lat' dir='ltr'>Socraticis</span> <span class='ocrx_word' id='word_1_223' title='bbox 637 2963 763 3024; x_wconf 82' lang='lat' dir='ltr'>tantum</span> <span class='ocrx_word' id='word_1_224' title='bbox 782 2958 982 3023; x_wconf 90' lang='lat' dir='ltr'>sermonibus</span> <span class='ocrx_word' id='word_1_225' title='bbox 1002 2957 1155 3042; x_wconf 82' lang='lat' dir='ltr'>abundet,</span> 
     </span>
     <span class='ocr_line' id='line_1_31' title="bbox 92 3047 1194 3132; baseline 0.006 -25"><span class='ocrx_word' id='word_1_226' title='bbox 92 3050 161 3113; x_wconf 74' lang='lat' dir='ltr'>rin</span> <span class='ocrx_word' id='word_1_227' title='bbox 191 3048 242 3113; x_wconf 92' lang='lat' dir='ltr'>his</span> <span class='ocrx_word' id='word_1_228' title='bbox 279 3069 407 3132; x_wconf 89' lang='lat' dir='ltr'>quoque</span> <span class='ocrx_word' id='word_1_229' title='bbox 442 3051 551 3112; x_wconf 87' lang='lat' dir='ltr'>teneat</span> <span class='ocrx_word' id='word_1_230' title='bbox 584 3049 724 3113; x_wconf 92' lang='lat' dir='ltr'>modum.</span> <span class='ocrx_word' id='word_1_231' title='bbox 782 3048 888 3112; x_wconf 80' lang='lat' dir='ltr'>Erunt</span> <span class='ocrx_word' id='word_1_232' title='bbox 922 3047 1030 3112; x_wconf 89' lang='lat' dir='ltr'>officia</span> <span class='ocrx_word' id='word_1_233' title='bbox 1064 3051 1154 3112; x_wconf 86' lang='lat' dir='ltr'>ante·</span> <span class='ocrx_word' id='word_1_234' title='bbox 1172 3076 1194 3117; x_wconf 85' lang='lat' dir='ltr'>al</span> 
     </span>
     <span class='ocr_line' id='line_1_32' title="bbox 126 3135 1156 3221; baseline -0.002 -19"><span class='ocrx_word' id='word_1_235' title='bbox 126 3139 250 3220; x_wconf 78' lang='lat' dir='ltr'>lucana,</span> <span class='ocrx_word' id='word_1_236' title='bbox 270 3138 304 3201; x_wconf 92' lang='lat' dir='ltr'>in</span> <span class='ocrx_word' id='word_1_237' title='bbox 318 3160 400 3221; x_wconf 89' lang='lat' dir='ltr'>quae</span> <span class='ocrx_word' id='word_1_238' title='bbox 414 3137 553 3201; x_wconf 90' lang='lat' dir='ltr'>incidere</span> <span class='ocrx_word' id='word_1_239' title='bbox 568 3137 700 3221; x_wconf 89' lang='lat' dir='ltr'>impune</span> <span class='ocrx_word' id='word_1_240' title='bbox 718 3160 759 3201; x_wconf 92' lang='lat' dir='ltr'>ne</span> <span class='ocrx_word' id='word_1_241' title='bbox 775 3136 889 3202; x_wconf 79' lang='lat' dir='ltr'>Catoni</span> <span class='ocrx_word' id='word_1_242' title='bbox 903 3135 1033 3220; x_wconf 91' lang='lat' dir='ltr'>quidem</span> <span class='ocrx_word' id='word_1_243' title='bbox 1048 3136 1156 3220; x_wconf 86' lang='lat' dir='ltr'>licuit,</span> 
     </span>
     <span class='ocr_line' id='line_1_33' title="bbox 128 3224 1152 3311; baseline -0.002 -20"><span class='ocrx_word' id='word_1_244' title='bbox 128 3249 223 3311; x_wconf 90' lang='lat' dir='ltr'>quem</span> <span class='ocrx_word' id='word_1_245' title='bbox 260 3231 368 3291; x_wconf 90' lang='lat' dir='ltr'>tamen</span> <span class='ocrx_word' id='word_1_246' title='bbox 406 3225 438 3290; x_wconf 78' lang='grc' dir='ltr'>Ο.</span> <span class='ocrx_word' id='word_1_247' title='bbox 473 3225 588 3290; x_wconf 79' lang='lat' dir='ltr'>Caesar</span> <span class='ocrx_word' id='word_1_248' title='bbox 625 3227 670 3291; x_wconf 89' lang='lat' dir='ltr'>ita</span> <span class='ocrx_word' id='word_1_249' title='bbox 706 3225 925 3310; x_wconf 90' lang='lat' dir='ltr'>reprehendit,</span> <span class='ocrx_word' id='word_1_250' title='bbox 961 3229 997 3289; x_wconf 90' lang='lat' dir='ltr'>ut</span> <span class='ocrx_word' id='word_1_251' title='bbox 1033 3224 1152 3291; x_wconf 87' lang='lat' dir='ltr'>laudet.</span> 
     </span>
     <span class='ocr_line' id='line_1_34' title="bbox 92 3315 1155 3399; baseline -0.001 -19"><span class='ocrx_word' id='word_1_252' title='bbox 92 3316 289 3382; x_wconf 83' lang='lat' dir='ltr'>3Desoribit</span> <span class='ocrx_word' id='word_1_253' title='bbox 312 3316 396 3380; x_wconf 92' lang='lat' dir='ltr'>enim</span> <span class='ocrx_word' id='word_1_254' title='bbox 421 3339 489 3399; x_wconf 89' lang='lat' dir='ltr'>eos,</span> <span class='ocrx_word' id='word_1_255' title='bbox 519 3315 635 3399; x_wconf 89' lang='lat' dir='ltr'>quibus</span> <span class='ocrx_word' id='word_1_256' title='bbox 667 3316 780 3380; x_wconf 87' lang='lat' dir='ltr'>obvius</span> <span class='ocrx_word' id='word_1_257' title='bbox 809 3315 920 3398; x_wconf 89' lang='lat' dir='ltr'>fuerit,</span> <span class='ocrx_word' id='word_1_258' title='bbox 952 3336 1025 3380; x_wconf 90' lang='lat' dir='ltr'>cum</span> <span class='ocrx_word' id='word_1_259' title='bbox 1056 3318 1155 3399; x_wconf 88' lang='lat' dir='ltr'>caput</span> 
     </span>
    </p>

    <p class='ocr_par' dir='ltr' id='par_1_6' title="bbox 200 3454 1154 3523">
     <span class='ocr_line' id='line_1_35' title="bbox 200 3454 1154 3523; baseline -0.001 -15"><span class='ocrx_word' id='word_1_260' title='bbox 200 3462 233 3508; x_wconf 73' lang='lat'>22</span> <span class='ocrx_word' id='word_1_261' title='bbox 249 3456 320 3510; x_wconf 87' lang='lat' dir='ltr'>solet</span> <span class='ocrx_word' id='word_1_262' title='bbox 334 3473 390 3509; x_wconf 91' lang='lat' dir='ltr'>non</span> <span class='ocrx_word' id='word_1_263' title='bbox 405 3457 442 3508; x_wconf 89' lang='lat' dir='ltr'><em>M</em></span> <span class='ocrx_word' id='word_1_264' title='bbox 452 3456 549 3521; x_wconf 71' lang='lat' dir='ltr'>VDs,</span> <span class='ocrx_word' id='word_1_265' title='bbox 565 3456 601 3509; x_wconf 89' lang='lat' dir='ltr'>K.</span> <span class='ocrx_word' id='word_1_266' title='bbox 613 3457 656 3521; x_wconf 84' lang='lat'>11,</span> <span class='ocrx_word' id='word_1_267' title='bbox 670 3472 727 3509; x_wconf 91' lang='lat' dir='ltr'>non</span> <span class='ocrx_word' id='word_1_268' title='bbox 741 3455 813 3509; x_wconf 90' lang='lat' dir='ltr'>solet</span> <span class='ocrx_word' id='word_1_269' title='bbox 828 3456 941 3523; x_wconf 81' lang='lat' dir='ltr'>Fpra,</span> <span class='ocrx_word' id='word_1_270' title='bbox 956 3455 1028 3521; x_wconf 74' lang='lat' dir='ltr'>KJ,</span> <span class='ocrx_word' id='word_1_271' title='bbox 1043 3454 1154 3520; x_wconf 67' lang='lat' dir='ltr'>Maeli„</span> 
     </span>
    </p>
   </div>
   <div class='ocr_carea' id='block_1_6' title="bbox 90 3526 1153 3669">
    <p class='ocr_par' dir='ltr' id='par_1_7' title="bbox 90 3526 1153 3669">
     <span class='ocr_line' id='line_1_36' title="bbox 108 3526 1153 3584; baseline 0.004 -10"><span class='ocrx_word' id='word_1_272' title='bbox 108 3527 200 3576; x_wconf 60' lang='lat' dir='ltr'>Mersa</span> <span class='ocrx_word' id='word_1_273' title='bbox 279 3532 317 3579; x_wconf 75' lang='lat'>28</span> <span class='ocrx_word' id='word_1_274' title='bbox 334 3528 376 3580; x_wconf 86' lang='lat' dir='ltr'>sit</span> <span class='ocrx_word' id='word_1_275' title='bbox 393 3545 444 3582; x_wconf 85' lang='lat' dir='ltr'>om.</span> <span class='ocrx_word' id='word_1_276' title='bbox 466 3527 561 3584; x_wconf 62' lang='grc' dir='ltr'>ΕΜ.</span> <span class='ocrx_word' id='word_1_277' title='bbox 638 3532 672 3581; x_wconf 76' lang='lat'>33</span> <span class='ocrx_word' id='word_1_278' title='bbox 692 3526 792 3581; x_wconf 87' lang='lat' dir='ltr'>scribit</span> <span class='ocrx_word' id='word_1_279' title='bbox 806 3527 993 3583; x_wconf 71' lang='lat' dir='ltr'>Cordubenses.</span> <span class='ocrx_word' id='word_1_280' title='bbox 1009 3557 1042 3566; x_wconf 93' lang='lat'>-</span> <span class='ocrx_word' id='word_1_281' title='bbox 1057 3526 1153 3579; x_wconf 83' lang='lat' dir='ltr'>fuerat</span> 
     </span>
     <span class='ocr_line' id='line_1_37' title="bbox 90 3591 428 3669; baseline 0.003 -14"><span class='ocrx_word' id='word_1_282' title='bbox 90 3591 196 3655; x_wconf 49' lang='grc' dir='ltr'>ΜΓ)</span> <span class='ocrx_word' id='word_1_283' title='bbox 218 3596 299 3661; x_wconf 71' lang='lat' dir='ltr'>KJ,</span> <span class='ocrx_word' id='word_1_284' title='bbox 321 3599 381 3653; x_wconf 78' lang='lat' dir='ltr'>fuir</span> <span class='ocrx_word' id='word_1_285' title='bbox 394 3617 428 3669; x_wconf 75' lang='lat' dir='ltr'>p.</span> 
     </span>
    </p>
   </div>
   <div class='ocr_carea' id='block_1_7' title="bbox 0 0 1204 3862">
    <p class='ocr_par' dir='ltr' id='par_1_8' title="bbox 0 0 1204 3862">
     <span class='ocr_line' id='line_1_38' title="bbox 0 0 1204 3862; baseline 0 1"><span class='ocrx_word' id='word_1_286' title='bbox 0 0 1204 3862; x_wconf 95' lang='lat' dir='ltr'> </span> 
     </span>
    </p>
   </div>
  </div>
 </body>
</html>
