2400 3862
362 213 623 271 EPISTULARUM
640 217 665 272 V
685 222 781 273 8-10.
1018 222 1080 289 133

57 378 252 444 admonebat
273 381 346 445 reos
370 383 579 444 executurum
602 402 649 465 se,
673 403 755 466 quae
778 384 908 447 senatus
933 384 1080 448 consulto

57 468 308 534 continerentur.
355 466 494 533 Suberat
517 469 774 536 edictosenatus
798 472 981 535 consultum
1004 473 1081 538 hoc:
1100 491 1116 537 4

57 579 180 640 omnes,
204 557 260 641 qui
283 557 362 641 quid
383 559 508 644 negotii
530 559 694 643 haberent,
722 561 841 643 iurare,
869 560 959 643 prius
984 584 1080 644 quam

57 650 199 733 agerent,
221 646 413 711 iubebantur
436 647 518 711 nihil
542 670 575 713 se
599 649 640 713 ob
665 649 916 714 advocationem,
932 650 1081 734 cuiquam

31 735 192 819 adedisso,
215 736 410 819 promisisse,
433 737 563 802 cavisse.
608 736 669 803 His
689 739 774 802 enim
802 739 909 804 verbis
932 761 970 804 ac
993 740 1081 804 mille

57 831 223 909 praeterea
253 829 285 889 et
316 826 425 890 venire
459 826 685 892 advocationes
721 831 752 892 et
783 828 845 892 emi
880 829 1080 893 vetabantur.

58 914 200 979 Peractis
223 918 329 979 tamen
358 916 497 1001 negotiis
525 916 771 999 permittebatur
797 917 967 1000 pecuniam
991 919 1080 982 dum-

58 1008 148 1068 taxat
165 998 282 1068 'deoem
305 1004 431 1068 milium
456 1004 539 1069 dare.
585 1003 658 1070 Hoc
676 1005 763 1070 facto
781 1005 920 1089 Nepotis
940 1028 1080 1072 commo·
1100 1023 1115 1071 5

58 1097 109 1157 tus
123 1097 265 1177 praetor,
279 1094 335 1176 qui
349 1093 633 1158 centumviralibus
648 1095 817 1178 praesidet,
838 1096 1081 1179 deliberaturus,

21 1207 43 1246 ro
59 1205 99 1246 an
122 1184 310 1265 sequeretur
332 1183 525 1266 exemplum,
554 1184 757 1267 inopinatum
784 1183 878 1248 nobis
903 1185 1005 1248 otium
1029 1186 1080 1249 de-

59 1271 112 1336 dit.
160 1270 294 1336 Interim
324 1275 395 1335 tota
429 1273 559 1337 civitate
590 1271 727 1356 Nepotis
758 1274 900 1337 edictum
930 1274 1115 1358 carpitur,6

58 1361 216 1425 laudatur.
267 1359 380 1424 Multi:
418 1359 617 1432 ‘Invenimus
623 1411 632 1444 ,
670 1362 726 1445 qui
763 1383 860 1426 curva
897 1362 1079 1447 corrigeret.

59 1448 164 1526 Quid?
192 1453 266 1514 ante
294 1450 381 1514 hunc
408 1455 571 1534 praetores
598 1473 665 1514 non
692 1451 844 1516 fuerunt?
877 1453 949 1535 quis
974 1456 1080 1516 autem

57 1539 110 1603 hic
138 1542 200 1622 est,
231 1537 287 1621 qui
316 1539 462 1604 emendet
489 1540 638 1624 publicos
669 1540 812 1605 mores‘?'
862 1538 930 1605 Alii
955 1544 1080 1605 contra:

22 1651 43 1693 u
59 1627 265 1694 ‘Rectissime
292 1627 382 1712 fecit3
414 1628 552 1694 initurus
576 1629 801 1714 magistratum
824 1629 895 1693 iura
918 1631 1081 1716 cognovit,
1103 1638 1109 1650 ”

58 1718 359 1782 senatusconsulta
384 1719 479 1803 legit,
505 1719 653 1800 reprimit
681 1719 881 1784 foedissimas
905 1720 1080 1802 pactiones,

57 1829 123 1871 rem
138 1806 388 1891 pulcherrimam
403 1807 589 1892 turpissime
603 1808 711 1871 venire
725 1830 792 1872 non
810 1809 953 1892 patitur?
986 1809 1079 1873 Tales
1100 1823 1115 1872 7

57 1896 177 1979 ubique
202 1917 377 1979 sermones,
407 1897 463 1979 qui
486 1901 596 1960 tamen
619 1898 807 1961 alterutram
835 1897 870 1961 in
892 1901 1018 1981 partem
1042 1921 1081 1961 ex

58 1989 173 2050 eventu
202 1985 441 2068 praevalebunt.
487 1985 548 2050 Est
578 1987 710 2050 omnino
740 1986 903 2069 iniquum,
934 1987 989 2050 sed
1019 2007 1080 2050 usu
1108 2032 1111 2036 ›

22 2097 43 2137 u
57 2078 232 2157 receptum,
255 2074 341 2157 quod
358 2074 496 2139 honesta
519 2074 653 2140 consilia
671 2077 724 2139 vel
741 2075 858 2158 turpia,
881 2079 979 2157 prout
998 2076 1080 2139 male

58 2168 112 2228 aut
134 2184 289 2246 prospere
313 2163 443 2247 cedunt,
472 2164 518 2228 ita
545 2165 598 2228 vel
624 2163 804 2248 probantur
831 2165 884 2227 vel
912 2164 1080 2247 reprehen-

57 2252 186 2316 duntur.
230 2250 309 2316 Inde
327 2254 516 2337 plerumque
535 2253 645 2317 eadem
664 2253 750 2318 facta
768 2253 864 2316 modo
885 2253 1080 2338 diligentiae,

57 2342 153 2406 modo
177 2342 343 2422 vanitatis,
371 2343 466 2406 modo
490 2343 663 2425 libertatis,
692 2343 789 2406 modo
819 2342 937 2406 furoris
961 2365 1096 2408 nomen·

59 2431 230 2514 accipiunt.
276 2429 365 2495 Vale.

20 2578 41 2618 u
501 2560 538 2619 X.
564 2555 642 2639 [XL]

174 2685 205 2736 C.
220 2686 367 2737 PLINIUS
387 2687 570 2738 SUETONIO
590 2687 826 2748 TRANQUILLO
846 2688 915 2740 SUO
936 2688 964 2737 S.

122 2801 240 2866 Libera
267 2803 397 2866 tandem
427 2802 769 2886 hendecasyllaborum
797 2825 942 2868 meorum
973 2802 1114 2885 fidem,1

57 2891 112 2974 qui
154 2890 275 2974 scripta
310 2895 367 2955 tua
411 2892 634 2957 communibus
674 2892 784 2958 amicis
829 2891 1079 2976 spoponderunt.

57 2980 273 3064 Appellantur
303 2980 434 3064 cotidie,
468 2981 702 3066 efflagitantur,
734 3003 772 3046 ac
803 2983 867 3055 iam
900 2981 1079 3064 periculum

19 3090 41 3131 a
57 3074 113 3153 est,
144 3092 187 3134 ne
220 3074 378 3155 cogantur
410 3071 449 3136 ad
478 3071 694 3135 exhibendum
724 3070 897 3135 formulam
928 3070 1079 3154 accipere.

128 3251 144 3298 2
164 3261 221 3299 sen.
238 3261 313 3298 cons.
327 3246 392 3300 hoo:
413 3256 509 3299 omnes
525 3247 632 3312 Muell,
650 3262 708 3299 sen.
728 3262 815 3299 cons:
835 3246 889 3298 hoc
908 3261 1003 3298 omnes
1021 3247 1079 3299 rell.
1105 3283 1108 3287 -

57 3347 90 3356 -
104 3322 170 3385 post
188 3315 348 3370 consultum
366 3318 398 3370 iu
417 3318 455 3370 M
472 3318 574 3370 laeuae
592 3319 676 3372 trium
693 3321 750 3384 fere
768 3334 903 3372 uersuum.
995 3323 1010 3368 3
1031 3316 1080 3383 qui

57 3387 126 3456 quid
144 3387 253 3458 negotii
271 3387 410 3442 haberent
424 3406 450 3454 a,
466 3387 503 3442 K.
518 3390 557 3442 II
568 3389 650 3457 (disp.
665 3390 705 3443 ΙΙ
715 3393 772 3456 12),
792 3387 919 3455 quisquis
933 3387 1080 3458 negotium

56 3457 174 3514 haberet
191 3460 221 3513 D
225 3477 270 3528 pr
274 3500 283 3526 ,
303 3461 340 3513 K.
351 3462 375 3514 1.
450 3465 465 3512 9
484 3459 627 3528 praesidet
645 3461 675 3514 D
681 3476 747 3529 pro
753 3501 761 3528 ,
777 3459 963 3529 praesidebat
978 3460 1026 3524 M,
1040 3459 1091 3510 sed

57 3530 132 3599 adp·
143 3534 204 3596 132,
220 3549 241 3585 a
253 3536 296 3586 31.
371 3537 407 3584 12
425 3531 460 3598 efi
470 3531 534 3588 Sea.
551 3550 630 3605 apoc.
642 3538 669 3604 8,
689 3534 728 3590 ut.
744 3533 824 3605 (Otto
835 3532 976 3603 spicue.
987 3528 1115 3598 ploti.

49 3605 86 3650 2⁹
97 3598 342 3669 &silwim-M,
355 3603 468 3676 Stanpl,
485 3609 600 3680 Maeli,
617 3612 650 3667 et
660 3608 764 3683 effiag.
774 3606 929 3680 &athap⁸
942 3603 1029 3671 nov
1039 3614 1077 3661 a,
1086 3590 1137 3642 K·
