2400 3862
227 613 290 721 c.
314 649 447 720 rnuu
475 647 663 720 cincun
692 647 900 721 suenum
969 736 973 743 .

217 824 939 924 EPISTULARUM

412 1036 546 1103 cinna
568 1036 742 1104 narnus,

564 1329 587 1387 I.

21 1451 33 1492 t
315 1436 346 1487 0.
361 1437 509 1488 PLINIUS
529 1437 697 1488 SEPTICIO
718 1437 787 1488 SUO
808 1437 836 1487 S.

132 1535 333 1620 Frequenter
359 1535 506 1600 hortatus
536 1559 581 1620 es,
614 1540 651 1600 ut
679 1535 846 1620 epistulae,
880 1558 959 1620 quas
987 1539 1119 1621 paulol

56 1626 205 1693 curatius
225 1625 432 1709 scripsissem,
451 1626 637 1710 colligerem
655 1626 925 1710 publicaremque.
963 1624 1086 1712 Collegi
1114 1693 1120 1704 ,

56 1739 127 1781 non
161 1720 287 1779 servato
319 1715 474 1798 temporis
507 1715 618 1779 ordine
650 1713 769 1800 (neque
802 1716 887 1780 enim
917 1715 1085 1780 historiam

59 1801 324 1890 componebam),
366 1804 422 1869 sed
463 1808 500 1868 ut
542 1825 687 1888 quaeque
723 1805 757 1868 in
795 1826 908 1869 manus
946 1809 1085 1869 venerat.

23 1914 44 1954 u
60 1894 224 1978 Superest,
247 1898 285 1958 ut
306 1914 366 1957 nec
388 1896 420 1957 te
443 1893 570 1958 consilii
592 1915 653 1958 nec
676 1915 727 1957 me
748 1894 911 1976 paeniteat
930 1894 1084 1978 obsequii.
1104 1903 1120 1949 2

60 1981 111 2048 lta
135 1982 221 2046 enim
244 1983 313 2064 fiet,
336 1985 374 2046 ut
397 2003 463 2065 eas,
491 2004 572 2065 quae
591 1982 696 2047 adhuc
714 1983 879 2066 neglectae
897 1982 1016 2064 iacent,
1039 2005 1085 2046 re-

10 2100 13 2165 g
62 2073 189 2156 quiram
213 2075 256 2154 et,
281 2072 308 2135 si
332 2092 411 2155 quas
435 2071 599 2154 addidero,
622 2093 689 2135 non
712 2071 921 2154 supprimam.
959 2071 1048 2135 Vale.

10 2174 12 2213 Ι
553 2237 592 2295 n.

313 2346 344 2396 Ο.
359 2346 506 2396 PLINIUS
525 2346 686 2396 ARRIANO
707 2344 777 2395 SUO
797 2346 824 2396 S.

26 2464 45 2504 n
135 2445 216 2522 Quia
243 2445 417 2510 tardiorem
440 2445 613 2510 adventum
636 2448 730 2509 tuum
752 2446 929 2530 prospicio,
956 2447 1085 2523 librum,
1106 2463 1118 2508 1

63 2556 158 2617 quem
185 2535 346 2619 prioribus
375 2534 521 2618 epistulis
545 2534 768 2618 promiseram,
798 2536 941 2600 exhibeo.
988 2534 1085 2598 Hunc

62 2646 142 2710 rogo
162 2646 201 2688 ex
220 2622 452 2689 consuetudine
471 2627 527 2687 tua
546 2626 578 2687 et
592 2624 680 2708 legas
695 2626 727 2687 et
742 2623 900 2707 emendes,
919 2647 956 2689 ec
972 2625 1084 2708 magis,

62 2714 150 2796 quod
170 2713 253 2777 nihil
274 2716 348 2777 ante
367 2733 525 2796 peraeque
544 2712 657 2776 eodem
677 2715 760 2800 ζήλῳ
779 2713 945 2795 scripsisse
964 2713 1083 2777 videor.

62 2802 231 2887 Temptavi
268 2803 354 2866 enim
391 2802 510 2866 imitari
543 2801 784 2866 Demosthenen
820 2823 946 2885 semper
982 2806 1119 2884 tuum,a

22 2910 44 2952 sc
62 2890 197 2956 Calvum
220 2914 324 2975 nuper
350 2913 466 2974 meum,
489 2891 656 2956 dumtaxat
678 2891 791 2977 figuris
816 2889 984 2973 orationis3
1010 2913 1084 2955 nam

62 2981 126 3046 vim
145 2985 310 3045 tantorum
325 2980 467 3044 virorum
487 2981 625 3065 pauci,
644 3001 737 3062 quos
757 3001 900 3062 aequus
919 2980 1084 3063 amavit',

133 3163 148 3210 6
164 3156 249 3225 paulo
261 3155 384 3208 curatius
391 3156 431 3223 D,
441 3158 488 3223 K„
497 3157 603 3226 Stangl,
614 3156 648 3222 cf.
656 3156 747 3220 V119,
757 3159 791 3221 8,·
800 3155 850 3208 ΙΧ
857 3159 901 3222 13,
911 3160 955 3221 10,
964 3171 991 3223 p.
1001 3171 1084 3209 accu-

59 3229 150 3283 ratius
159 3229 225 3283 RF
227 3245 249 3296 p
255 3244 280 3293 r,
292 3227 362 3292 Otto,
371 3229 467 3295 Mem,
475 3229 570 3297 siquas
578 3246 604 3297 p.
614 3242 682 3281 cura
691 3227 743 3295 (cel
752 3229 859 3289 curam)
867 3226 974 3280 maiore
983 3228 1021 3281 M
1029 3228 1084 3292 Vs,

60 3301 160 3358 Maeli.
217 3303 250 3353 18
265 3298 331 3351 ante
346 3300 445 3354 RFD
452 3317 473 3368 p
483 3317 511 3367 a,
521 3301 559 3354 K.
568 3303 590 3366 I,
608 3299 677 3364 otte,
686 3313 821 3365 umquam
832 3299 870 3352 M
880 3298 934 3364 Vs,
950 3298 987 3350 K.
996 3299 1038 3352 ΙΙ.
1050 3330 1083 3338 -

59 3372 130 3441 ζήλου
142 3389 169 3436 a,
185 3371 222 3425 K.
231 3371 274 3436 II,
289 3370 369 3429 Iaca
380 3372 494 3437 Metllcr,
511 3372 581 3436 Otto,
593 3371 687 3435 Merr,
702 3367 760 3422 nelo
773 3368 803 3421 D
807 3383 838 3436 p,
850 3368 915 3422 stilo
926 3369 996 3434 RF,
1012 3370 1049 3422 K.
1059 3371 1084 3435 I,

60 3426 137 3496 stilio
162 3440 203 3496 V*
211 3459 239 3507 r,
263 3439 335 3494 libro
356 3442 398 3495 M.
472 3448 504 3495 21
525 3442 635 3495 tantem
653 3438 803 3494 verborum
821 3440 858 3492 M
871 3441 924 3496 Vs.
946 3470 980 3479 -
1006 3441 1082 3509 Vcrp.

59 3516 129 3569 Aea.
146 3514 191 3568 VI
201 3516 271 3578 129;
285 3513 391 3567 amavit
403 3529 454 3567 om.
470 3513 498 3567 R
508 3512 598 3566 FDr
609 3527 635 3577 a,
650 3511 738 3565 Merr.
749 3510 835 3565 Closs.
847 3511 915 3566 Rev.
931 3510 1029 3566 XVn
1041 3515 1090 3566 52.

112 3623 218 3662 anrus
232 3618 319 3660 Mosen
331 3625 372 3660 no.
383 3619 503 3660 Kvxuan.
923 3626 944 3676 g
