2400 3862
95 194 160 260 111
296 249 298 255 ,
535 188 563 244 o.
583 188 683 243 11111

95 355 148 419 111
171 376 296 439 semper
319 354 383 418 fuit
412 375 506 419 curae
534 353 580 419 sic
603 352 673 418 1111
696 352 826 438 publica
849 356 887 417 ut
909 353 1050 438 privata,
1074 354 1122 419 sic

43 460 75 508 11
96 445 229 529 antiqua
251 447 289 508 ut
304 443 452 526 recentia,
471 443 518 508 sic
536 465 608 507 rara
625 446 664 507 ut
681 442 814 508 adsidua
832 446 977 508 tractare.
1011 440 1121 526 Atque

97 555 157 619 ego
195 533 334 598 arbitror
370 532 435 598 11111
472 532 582 615 etiam,
619 531 735 614 quibus
767 531 981 615 plurimarum
1011 554 1121 597 rerum

97 623 231 708 agitatio
254 622 405 705 frequens
428 621 512 686 nihil
534 641 603 686 esse
626 622 775 706 ignotum
799 621 994 706 patiebatur,
1018 643 1120 706 genus

97 711 308 795 quaestionis,
336 709 422 794 quod
450 710 560 776 adfero
588 708 628 774 ad
656 714 703 792 te,
729 713 874 775 autnon
905 709 981 776 satis
1005 711 1151 775 tritume

57 879 60 886 Ι
98 801 275 865 autetiam
298 801 502 884 inexpertum
525 799 634 864 fuisse.
680 797 753 865 Hoc
781 802 813 864 et
841 810 914 885 ego'
929 799 1122 883 excusatior,

98 892 125 954 si
153 890 236 954 forte
265 911 336 954 sum
363 890 487 974 lapsus,
514 892 547 953 et
573 892 610 953 tu
633 888 762 974 dignior
788 889 897 972 laude,
920 889 948 954 si
971 892 1064 972 potes
1088 889 1121 953 id

98 1000 226 1062 quoque
250 979 378 1062 docere,
402 977 488 1062 quod
512 979 546 1042 in
570 977 706 1043 obscuro
730 980 780 1043 est
802 1000 844 1042 an
867 977 1026 1043 didiceris.

45 1083 77 1131 12
165 1066 375 1133 Referebatur
407 1068 445 1133 de
474 1067 599 1133 libertis
623 1065 739 1144 Afrani
761 1066 876 1132 Dextri
904 1068 1046 1133 consulis
1075 1069 1147 1152 ins

33 1183 39 1198 ·
98 1159 220 1222 certum
245 1180 302 1222 sua
325 1180 366 1221 an
390 1178 522 1222 suorum
544 1178 656 1240 manu,
679 1156 1162 1241 scelereanobsequioper-1r

98 1247 208 1330 empti.
267 1244 336 1311 Hos
374 1247 456 1312 11111
489 1243 637 1332 (‘Quis?'
671 1245 793 1329 inquis3
829 1266 903 1330 ege,
947 1245 1002 1311 sed
1038 1247 1123 1310 nihil

98 1333 210 1422 refert)
234 1339 309 1420 post
332 1335 553 1418 quaestionem
576 1335 737 1419 supplicio
760 1334 957 1418 liberandos,
982 1335 1064 1401 alius
1088 1337 1123 1400 in

98 1427 237 1490 insulam
255 1426 454 1510 relegandos,
472 1424 554 1489 alius
573 1428 677 1488 morte
696 1423 875 1508 puniendos
897 1425 1122 1489 arbitrabatur.

99 1513 241 1591 Quarum
274 1515 505 1579 sententiarum
536 1516 627 1578 tanta
664 1513 830 1578 diversitas
868 1517 949 1597 erat,
985 1518 1022 1578 ut
1056 1536 1123 1579 non

46 1617 78 1665 13
98 1607 231 1686 possent
254 1625 323 1668 esse
346 1604 409 1668 nisi
433 1604 587 1688 singulae.
621 1601 706 1679 Quid
729 1602 816 1668 enim
834 1624 1005 1667 commune
1023 1602 1122 1668 habet
1139 1613 1162 1655 ¹⁶

99 1692 244 1757 occidere
273 1696 305 1756 et
334 1692 499 1777 relegare?
543 1691 621 1756 Non
643 1692 772 1757 hercule
796 1692 899 1778 magis
924 1713 1021 1774 quam
1044 1693 1123 1758 rele-

99 1802 174 1866 gare
207 1784 239 1844 et
271 1781 449 1864 absolvere;
482 1803 677 1864 quamquam
709 1781 843 1865 propior
875 1781 1041 1863 aliquanto
1074 1785 1123 1846 est

100 1871 276 1935 sententiae
304 1869 485 1956 relegentis,
510 1892 590 1953 quae
614 1869 761 1951 absolvit,
788 1891 884 1955 qnam
904 1892 985 1953 quae
1004 1870 1124 1936 occidit

100 1957 250 2045 (utraque
278 1960 363 2024 enim
392 1981 432 2024 ex
459 1960 524 2024 illis
553 1960 653 2022 vitam
681 1960 849 2043 relinquit,
876 1959 956 2024 haec
985 1957 1123 2045 adimit),

100 2071 174 2113 cum
192 2049 331 2132 interim,
349 2053 382 2112 et
400 2049 456 2131 qui
475 2051 577 2112 morte
596 2046 782 2133 puniebant,
802 2051 833 2113 11
853 2049 916 2132 qui-
927 2049 1123 2134 relegabant,
1141 2061 1164 2101 2⁰

99 2161 164 2202 una
201 2138 352 2203 sedebant
389 2143 421 2202 et
456 2139 651 2222 temporaria
687 2137 892 2203 simulatione
933 2137 1124 2203 concordiae

48 2241 81 2289 14
101 2226 293 2292 discordiam
312 2227 508 2292 differebant.
540 2225 612 2312 Ego
636 2221 855 2310 postulabam,
873 2229 910 2291 ut
928 2226 1031 2292 tribus
1055 2249 1125 2293 sen·

100 2316 209 2381 tentiis
229 2321 391 2382 constaret
409 2339 485 2381 suus
503 2338 671 2399 numerus,
688 2337 748 2381 neo
767 2338 800 2381 se
818 2315 970 2381 brevibus
989 2316 1124 2383 indutiis

101 2405 182 2468 duae
205 2406 382 2490 iungerent.
428 2404 608 2490 Exigebam
631 2426 723 2489 ergo,
745 2408 795 2489 11,
820 2405 876 2488 qui
899 2405 1031 2488 capitali
1050 2428 1125 2491 sup-

101 2494 199 2576 plicio
232 2494 427 2560 adficiendos
464 2494 634 2578 putabant,
667 2493 865 2574 discederent
897 2517 916 2558 a
952 2495 1126 2580 relegante,
1143 2509 1166 2550 ²⁶

27 2633 29 2637 ,
70 2666 71 2669 Ἴ
101 2605 160 2648 nec
183 2583 313 2647 interim
337 2588 449 2648 contra
472 2584 672 2649 absolventes
696 2605 773 2648 mox
795 2583 971 2649 dissensuri
993 2605 1125 2671 congre-

102 2676 268 2758 garentur,
298 2673 374 2755 quia
396 2674 566 2757 parvulum
590 2673 736 2755 referret,
759 2695 801 2737 an
823 2673 908 2737 idem
931 2673 1127 2757 displiceret,

49 2773 82 2837 lb
103 2762 219 2846 quibus
251 2782 318 2826 non
350 2762 434 2826 idem
467 2763 649 2847 placuisset.
695 2760 780 2827 Illud
813 2762 910 2826 etiam
942 2763 1023 2826 mihi
1056 2785 1126 2847 per·

102 2852 219 2916 mirum
242 2851 423 2935 videbatur,
447 2873 520 2915 eum
540 2852 681 2935 quidem,
702 2852 756 2933 qui
775 2850 907 2915 libertos
926 2852 1126 2937 relegandos,

103 2962 211 3006 servos
244 2941 402 3024 supplicio
431 2941 627 3015 adficiendos
660 2941 849 3024 censuisset,
879 2944 1026 3005 coactum
1057 2964 1126 3007 esse
1144 2961 1169 3000 so

103 3030 243 3094 11111111
277 3032 484 3113 sententiam,
508 3031 595 3096 hunc
623 3037 743 3113 autem,
774 3030 830 3113 qui
858 3023 991 3096 libertos
1022 3034 1126 3095 morte

103 3120 268 3202 multaret,
286 3141 359 3185 cum
378 3120 540 3204 relegante
563 3120 732 3184 numerari.
765 3117 865 3202 Nam,
884 3118 911 3184 si
930 3121 1126 3203 oportuisset

103 3209 204 3272 dividi
223 3210 412 3273 sententiam
431 3209 541 3292 unius,
565 3210 641 3292 quia
659 3230 709 3274 res
729 3208 807 3273 duas
827 3209 1127 3292 comprehendebat,

103 3320 169 3362 non
188 3299 394 3381 reperiebam,
413 3319 508 3381 quem
528 3299 567 3363 ad
586 3297 718 3362 modum
737 3300 848 3382 posset
861 3298 953 3383 iungi
968 3299 1126 3363 sententia

104 3389 240 3452 duorum
264 3393 330 3452 tam
355 3389 479 3453 1111111
503 3388 709 3453 censentium.

154 3582 194 3628 18
210 3579 376 3635 absolverit
393 3601 419 3649 a,
441 3582 585 3651 solvit-B,
607 3581 752 3638 Budaeus.
807 3613 809 3617 Α
