2400 3862
109 187 152 253 42
546 183 574 240 c.
593 184 692 240 sunu

109 371 185 432 que3
220 371 296 413 nam
333 349 501 414 duodecim
534 349 724 433 clepsydris,
765 371 844 434 quas
881 349 1134 435 spatiosissimas

109 450 304 523 acceperam,
327 442 403 503 sunt
421 438 548 504 additae
569 442 730 523 quattuor.
764 439 855 504 Adeo
870 440 927 504 illa
945 440 1032 524 ipsa,
1051 462 1135 524 quae

110 529 189 592 dura
218 531 250 592 et
280 528 413 594 adversa
442 528 569 593 dicturo
599 527 803 612 videbantur,
841 528 981 594 secunda
1013 529 1135 595 dicenti

57 635 90 683 15
108 617 248 681 fuerunt.
286 616 402 682 Caesar
425 618 555 701 quidem
576 620 704 682 tantum
728 617 808 683 mihi
827 619 984 703 studium,
1008 623 1134 685 tantam

110 707 206 771 etiam
234 728 343 771 curam
372 704 522 793 (nimium
551 711 599 773 est
627 707 713 772 enim
735 706 840 773 dicere
864 706 1133 795 sollicitudinem)

109 796 283 879 praestitit,
314 801 351 861 ut
377 796 529 861 libertum
553 818 659 861 meum
682 801 758 881 post
776 819 827 862 mc
845 801 984 863 stantem
1004 798 1134 882 saepius

110 886 309 969 admoneret,
335 887 408 950 voci
435 886 592 969 laterique
620 887 835 969 consulerem,
862 908 937 952 cum
964 909 1016 952 me
1039 887 1134 953 vehe-

110 974 248 1038 mentius
277 978 407 1058 putaret
429 975 567 1057 intendi,
600 996 696 1057 quam
724 975 888 1061 gracilitas
911 998 983 1041 mea
1005 977 1134 1060 perpeti

111 1067 229 1146 posset.
276 1062 456 1148 Respondit
483 1064 565 1129 mihi
592 1085 651 1147 pro
680 1064 843 1129 Marciano
872 1063 1025 1130 Claudius
1050 1065 1134 1131 Mar·

58 1169 90 1218 16
110 1153 253 1216 collinus.
291 1151 408 1218 Missus
433 1153 546 1219 deinde
569 1157 698 1218 senatus
722 1157 754 1219 et
776 1158 945 1220 revocatus
968 1154 1003 1219 in
1026 1159 1134 1239 poste

110 1264 195 1323 rum3
223 1263 327 1326 neque
357 1244 443 1307 enim
470 1244 535 1307 iam
562 1243 708 1308 inchoari
730 1246 859 1328 poterat
881 1245 981 1326 actio,
1008 1244 1073 1309 nisi
1096 1249 1135 1310 ut

58 1349 90 1396 17
109 1332 214 1396 noctis
244 1332 427 1398 interventu
457 1333 662 1398 scinderetur.
712 1332 846 1399 Postero
878 1332 928 1398 die
958 1334 1042 1399 dixit
1073 1357 1133 1419 pro

109 1420 212 1485 Mario
245 1419 371 1485 Salvius
395 1420 564 1504 Liberalis,
592 1423 642 1486 vir
665 1423 809 1507 subtilis,
837 1421 1027 1506 dispositus,
1052 1445 1135 1507 acer,

111 1510 261 1592 disertus3
290 1511 324 1574 in
348 1511 404 1574 illa
426 1533 503 1575 vero
527 1532 624 1576 causa
647 1532 757 1576 omnes
781 1515 864 1577 artes
889 1533 962 1576 suas
986 1513 1133 1595 protulit.

110 1597 291 1682 Respondit
319 1597 486 1664 Cornelius
517 1600 647 1664 Tacitus
676 1601 939 1684 eloquentissime
967 1606 1014 1684 et,
1046 1603 1135 1685 quod

57 1705 90 1754 18
110 1688 262 1752 eximium
287 1689 425 1752 crationi
449 1688 516 1753 eius
540 1689 631 1772 inest,
655 1700 791 1771 σεμνῶς.
832 1690 925 1754 Dixit
947 1712 1005 1774 pro
1029 1690 1135 1757 Mario

110 1797 219 1841 rursus
247 1776 370 1842 Fronto
399 1776 507 1842 Catius
535 1779 717 1865 insigniter,
745 1783 845 1863 utque
872 1781 936 1844 iam
964 1781 1056 1845 locus
1080 1781 1136 1846 ille

109 1867 273 1950 poscebat,
290 1868 364 1950 plus
383 1868 419 1931 in
436 1867 585 1951 precibus
604 1869 759 1952 temporis
778 1891 875 1954 quam
894 1870 929 1933 in
948 1869 1136 1936 defensione

111 1957 320 2040 consumpsit.
366 1955 472 2021 Huius
510 1957 669 2022 actionem
706 1979 840 2042 vespera
880 1958 1026 2042 inclusit,
1067 1982 1135 2025 non

110 2051 218 2110 tamen
250 2046 310 2128 sic,
341 2050 379 2110 ut
408 2045 622 2130 abrumperet.
672 2045 785 2130 Itaque
818 2047 851 2111 in
882 2047 1013 2111 tertium
1048 2048 1135 2115 diem

110 2136 317 2219 probationes
351 2135 505 2200 exierunt.
561 2133 630 2199 Iam
661 2138 724 2201 hoc
755 2138 863 2220 ipsum
895 2137 1069 2220 pulchrum
1103 2143 1136 2204 et

112 2225 294 2306 antiquum,
309 2229 465 2300 ,senatum
484 2228 579 2289 nocte
603 2224 723 2308 dirimi,
746 2224 854 2289 triduo
878 2227 1000 2309 vocari,
1023 2228 1134 2293 triduo

59 2330 91 2378 19
112 2313 276 2377 contineri.
324 2312 484 2378 Cornutus
513 2313 689 2397 Tertullus,
720 2315 833 2378 consul
860 2314 1062 2401 designatus,
1085 2319 1136 2382 vir

111 2403 258 2488 egregius
290 2406 322 2466 ct
352 2424 411 2487 pro
436 2403 570 2467 veritate
602 2403 819 2487 firmissimus,
855 2406 979 2469 censuit
1014 2407 1135 2491 septin-

111 2495 207 2577 genta
230 2492 333 2574 milia,
357 2514 438 2574 quae
461 2496 628 2575 acceperat
650 2493 780 2575 Marius,
807 2494 929 2558 aerario
959 2495 1135 2580 inferenda,

110 2581 212 2645 Mario
236 2581 314 2645 urbe
337 2579 494 2664 Italiaque
513 2582 781 2664 interdicendum,
804 2582 968 2648 Marciano
986 2585 1051 2650 hoc
1069 2609 1135 2651 am·

110 2672 196 2754 plius
220 2668 339 2734 Africa.
385 2669 424 2734 In
451 2672 516 2735 fine
544 2672 720 2736 sententiae
744 2672 871 2755 adiecit,
900 2673 986 2757 quod
1016 2696 1078 2759 ego
1103 2679 1135 2740 et

111 2761 241 2825 Tacitus
256 2760 402 2825 iniuncta
416 2760 627 2825 advocatione
642 2761 813 2846 diligenter
832 2765 864 2825 et
881 2761 1010 2826 fortiter
1028 2763 1134 2829 functi

112 2871 265 2932 essemus,
289 2849 437 2914 arbitrari
460 2854 606 2915 senatum
630 2851 675 2914 ita
698 2871 757 2914 nos
780 2850 907 2934 iecisse,
938 2854 975 2915 ut
998 2851 1134 2937 dignum

58 2953 92 3002 20
112 2940 270 3003 mandatis
300 2939 447 3022 partibus
474 2939 581 3003 fuerit.
628 2938 848 3003 Adsenserunt
876 2942 1024 3004 consules
1053 2941 1134 3007 desi·

111 3030 214 3114 gnati,
250 3050 360 3092 omnes
396 3029 491 3092 etiam
522 3031 704 3094 consulares
738 3050 839 3111 usquc
870 3030 909 3094 ad
940 3028 1134 3114 Pompeium

112 3118 293 3202 collegam:
323 3118 378 3182 ille
406 3121 438 3182 et
468 3118 672 3204 septingenta
699 3119 790 3182 milia
817 3121 938 3183 aerario
967 3119 1134 3185 inferenda

112 3212 144 3271 et
170 3207 369 3272 Marcianum
397 3207 431 3270 in
462 3208 717 3291 quinquennium
744 3208 965 3293 relegandum,
994 3208 1132 3274 Marium

112 3297 360 3380 repetundarum
384 3318 519 3380 poenae,
543 3318 639 3380 quam
663 3299 727 3361 iam
750 3318 863 3380 passus
887 3301 983 3381 esset,
1008 3299 1132 3364 censuit

179 3515 212 3560 11
241 3511 272 3561 ut
294 3526 346 3562 om.
369 3509 461 3576 Fpu.
534 3514 568 3562 22
592 3509 687 3562 dirimi
712 3512 750 3565 M
757 3511 826 3578 Dp,
851 3511 947 3579 Pomp.
971 3511 1060 3580 Laut,
1084 3512 1130 3577 K.

88 3577 189 3641 Mem,
209 3580 324 3647 Maeli,
344 3580 458 3636 dirimit
485 3583 514 3650 V,
534 3581 646 3637 dimitti
666 3582 760 3650 Fra,
780 3582 853 3638 Otto.
