2400 3862
117 191 180 257 156
363 196 366 203 ’
555 187 584 244 O.
598 188 698 243 PLINI

115 358 239 417 certum
265 354 380 437 procul
402 352 615 436 intuentibus,
647 376 688 417 ex
720 375 784 436 quo
812 357 921 417 monte
945 350 1138 440 (Vesuvium

115 443 214 506 fuisse
237 446 350 526 postea
373 441 540 527 cognitum
564 439 645 528 est),
669 441 847 524 oriebatur,
872 441 965 507 cuius
989 442 1139 506 similitu-

115 532 223 596 dinem
247 536 280 596 et
306 531 444 596 formam
476 553 544 596 non
571 531 635 596 alia
662 531 765 616 magis
793 531 888 596 arbor
916 553 1013 615 quam
1041 533 1138 616 pinus

79 621 315 704 uexpresserit.
355 619 441 685 Nam
464 620 655 705 longissimo
678 621 768 684 velut
790 625 904 685 trunco
929 621 1012 684 elata
1035 622 1069 685 in
1093 623 1139 685 al·

114 713 184 774 tum
215 709 407 792 quibusdam
436 710 534 774 ramis
565 710 816 793 diffimdebatur,
846 710 955 790 credo,
984 710 1059 793 quia
1090 733 1171 780 res

116 800 201 864 centi
229 799 347 883 spiritu
374 802 498 882 erecta,
528 799 602 863 dein
630 802 814 864 senescente
842 821 880 862 eo
904 799 1058 863 destituta
1081 804 1138 863 aut

116 889 213 952 etiam
246 888 388 972 pondere
420 909 479 953 suo
512 887 598 952 victa
629 888 664 952 in
695 887 899 952 latitudinem
936 888 1138 970 senescebat,

115 976 251 1042 candida
269 976 446 1058 interdum,
465 977 626 1042 interdum
646 976 775 1042 sordida
793 980 826 1040 et
843 977 1028 1058 maculosa,
1040 982 1137 1061 prout

9 1115 12 1122 .
81 1069 234 1130 sterram
258 1066 438 1131 cineremve
462 1067 645 1131 sustulerat.
690 1066 845 1151 Magnum
864 1067 1063 1149 propiusque
1080 1088 1137 1130 no-

115 1155 268 1220 scendum
286 1159 323 1219 ut
342 1155 559 1221 eruditissimo
578 1156 648 1220 viro
667 1155 781 1220 visum.
821 1155 917 1219 lubet
930 1155 1136 1220 Libumicam
1157 1184 1184 1225 ro

114 1245 231 1329 aptari:
254 1244 349 1328 mihi,
381 1245 409 1309 si
431 1245 540 1309 venire
563 1267 628 1309 una
650 1246 781 1327 vellem,
812 1244 891 1309 facit
918 1245 1059 1329 copiam3
1091 1267 1138 1308 re·

115 1333 231 1418 spondi
251 1334 378 1400 studere
397 1357 448 1398 me
466 1335 578 1420 malle,
601 1339 634 1399 et
646 1335 730 1399 forte
744 1335 828 1418 ipse,
851 1334 938 1416 quod
957 1334 1138 1416 scriberem,

78 1435 95 1485 8
115 1424 253 1489 dederat.
277 1423 512 1508 Egrediebatur
530 1425 639 1488 domo:
663 1423 780 1506 accipit
799 1423 964 1487 codicillos
985 1421 1138 1487 Rectinae

114 1512 255 1596 †Tasci
283 1513 465 1577 imminenti
487 1513 631 1596 periculo
655 1512 825 1576 exterritae
854 1510 944 1597 (nam
968 1512 1047 1576 villa
1070 1513 1138 1577 eius

115 1601 314 1684 subiacebat,
346 1623 406 1667 neo
435 1603 504 1666 ulla
530 1603 594 1666 nisi
620 1601 756 1666 navibus
784 1599 890 1686 fuga);
918 1605 956 1665 ut
983 1622 1018 1664 se
1046 1606 1183 1669 tantors

79 1690 294 1755 ediscrimini
321 1691 474 1774 eriperet,
504 1691 624 1754 orabat.
672 1691 780 1755 Vertit
809 1691 864 1754 ille
895 1690 1067 1755 consilium
1097 1694 1138 1772 et,

115 1779 202 1861 quod
226 1779 370 1843 studioso
395 1781 502 1844 animo
531 1779 754 1864 inchoaverat,
783 1779 852 1844 obit
880 1778 1030 1844 maximo.
1076 1779 1138 1842 De·

114 1870 204 1933 ducit
218 1867 450 1951 quadriremes,
468 1869 611 1932 ascendit
625 1870 694 1952 ipse
707 1891 774 1933 non
789 1867 942 1933 Rectinae
956 1867 1066 1950 modo,
1081 1868 1137 1931 sed

114 1959 225 2023 multis
259 1955 342 2043 (erat
373 1958 459 2021 enim
491 1958 642 2041 frequens
675 1957 852 2022 amoenitas
885 1954 973 2044 orae)
1012 1957 1137 2021 laturus

61 2057 95 2108 10
114 2047 279 2112 auxilium.
313 2045 471 2131 Properat
488 2047 581 2130 illuc,
603 2048 688 2112 unde
707 2047 763 2112 alii
781 2047 925 2133 fugiunt,
949 2049 1137 2129 rectumque
1157 2073 1183 2114 ao

115 2158 258 2219 cursum,
280 2140 368 2201 recta
391 2136 609 2220 gubernacula
632 2137 665 2200 in
684 2137 864 2220 periculum
883 2139 971 2200 tenet
989 2135 1068 2200 adeo
1089 2158 1138 2200 so·

114 2227 202 2289 lutus
222 2230 324 2309 metu,
343 2230 380 2290 ut
399 2246 509 2290 omnes
529 2225 616 2289 illius
636 2226 714 2290 mali
733 2229 855 2309 motus,
878 2246 988 2291 omnes
1008 2226 1138 2310 figuras,

61 2326 94 2375 11
114 2319 151 2377 ut
174 2315 385 2397 deprenderat
409 2315 524 2398 oculis,
548 2315 683 2379 dictaret
701 2319 918 2398 enotaretque.
963 2313 1032 2378 Iam
1050 2316 1138 2378 navi-

113 2404 174 2468 bus
198 2405 278 2467 cinis
297 2404 470 2488 incidebat,
495 2426 558 2488 quo
579 2404 712 2488 propius
732 2404 931 2487 accederent,
954 2402 1088 2467 calidior
1106 2407 1138 2466 et

114 2493 253 2573 densior,
288 2493 352 2556 iam
384 2495 528 2576 pumices
562 2494 658 2557 etiam
689 2493 838 2578 nigrique
871 2498 904 2557 et
935 2492 1076 2557 ambusti
1106 2495 1138 2556 et
1156 2519 1183 2560 as

114 2582 209 2646 fracti
231 2582 306 2667 igne
329 2582 466 2666 lapides,
489 2585 554 2647 iam
573 2582 691 2646 vadum
711 2583 851 2647 subitum
872 2583 1030 2665 ruinaque
1048 2603 1139 2645 mon-

114 2673 157 2736 tis
175 2671 272 2735 litora
291 2671 460 2735 obstantia.
500 2670 675 2737 Cunctatus
694 2673 843 2755 paulum,
866 2694 907 2735 an
925 2675 1012 2736 retro
1032 2671 1138 2734 fiecte-

114 2765 176 2844 ret,
200 2782 276 2825 mox
295 2759 515 2845 gubernatori,
539 2767 576 2826 ut
599 2763 644 2825 ita
667 2761 800 2844 faceret,
823 2760 968 2824 monenti
993 2758 1138 2824 ‘Fortes’

62 2864 95 2912 12
115 2850 222 2934 inquit
242 2849 387 2914 ‘fortuna
401 2850 505 2914 iurat:
524 2851 782 2934 Pomponianum
797 2849 895 2933 pete’.
935 2847 1055 2913 Stabiis
1071 2851 1139 2913 erat

115 2939 293 3023 diremptus
325 2939 397 3003 sinu
428 2940 532 3003 medio
563 2939 654 3026 (nam
685 2940 803 3003 sensim
834 2939 1037 3003 circumactis
1068 2960 1137 3002 cur·
1156 2965 1183 3005 eo

114 3029 262 3110 ratisque
294 3028 443 3092 litoribus
477 3051 564 3093 mare
597 3027 809 3112 infunditur);
850 3027 908 3107 ibi,
942 3048 1138 3110 quamquam

114 3118 259 3182 nondum
283 3118 427 3201 periculo
447 3118 741 3202 adpropinquante,
765 3117 940 3200 conspicuo
964 3122 1073 3181 tamen
1097 3121 1138 3199 et,

115 3227 189 3271 cum
220 3211 389 3291 cresceret,
419 3208 567 3291 proximo
591 3208 740 3295 ,sarcinas
770 3207 952 3271 contulerat
982 3207 1016 3270 in
1039 3227 1137 3269 nares

189 3369 203 3417 7
229 3363 410 3419 altitudinem
433 3366 463 3419 D
468 3382 519 3434 pr.
605 3372 639 3418 14
658 3365 672 3398 *
691 3365 764 3417 tasci
783 3366 828 3431 M,
851 3364 926 3417 casei
943 3365 983 3429 D,
1003 3362 1090 3415 Nasci
1108 3379 1136 3427 a,

114 3435 200 3489 irasci
206 3453 237 3504 p,
245 3436 364 3490 Itaoesie
374 3435 515 3505 r,†Tasci
523 3437 560 3491 K.
569 3438 613 3502 Π,
623 3436 818 3503 Mcell.,Bassi
827 3435 949 3502 Gesner,
958 3433 1138 3489 GaesiiBassi

106 3506 210 3581 bftbre'y.
223 3515 340 3561 auctore
350 3510 503 3565 Hermolao
516 3509 648 3564 Barbare
662 3509 710 3576 (cf.
724 3509 804 3562 schot.
818 3509 894 3563 Pers.
905 3514 957 3562 sat.
970 3507 1013 3560 VI
1027 3507 1066 3572 1),
1085 3505 1138 3557 alii

84 3569 259 3634 abacelam
265 3577 411 3634 Rectinae
423 3582 482 3636 tam
492 3582 595 3640 inmin.
602 3599 661 3651 per.
669 3582 725 3637 ert.
750 3585 786 3637 is
794 3598 820 3636 1.
832 3581 895 3638 Otto
906 3578 1140 3649 Sprtcbsc.p.144.
