2400 3862
106 183 172 254 312
423 180 452 238 0.
470 180 568 239 PLINI
586 182 634 238 ET
652 181 805 237 TRAIANI

105 345 234 412 interim
253 345 303 412 ius
323 346 496 424 Quiritium
520 348 583 413 des.
630 346 751 414 Vereor
771 348 871 431 enim,
893 370 934 412 ne
959 348 1003 412 sit
1022 347 1128 413 inmo·

105 435 213 501 dicum
227 458 286 521 pro
302 438 449 503 omnibus
469 438 590 523 pariter
604 437 753 503 invocare
767 436 1002 523 indulgentiam
1025 441 1128 522 tuam,

106 547 169 610 qua
189 527 292 615 ¹debeo
316 530 406 591 tanto
430 526 606 592 modestius
633 527 695 611 uti,
726 531 846 611 quanto
870 527 1048 611 pleniorem
1073 548 1127 591 ex·

105 615 221 699 perior.
275 614 358 680 Sunt
390 620 510 701 autem,
546 638 606 701 pro
639 615 756 701 quibus
789 620 878 700 peto,
911 614 944 681 C.
974 615 1126 682 Valerius

104 703 272 790 Astraeus,
296 703 328 770 Ο.
351 705 500 771 Valerius
524 705 715 791 Dionysius,
739 704 771 770 0.
795 705 943 771 Valerius
967 703 1065 791 Aper.
1151 729 1163 771 s

518 854 578 914 ov.
603 851 707 931 [cvr]

447 963 628 1015 TRAIANUS
646 964 783 1015 PLINIO.

171 1061 252 1128 Cum
275 1064 500 1130 honestissime
523 1064 576 1148 iis,
601 1064 657 1150 qui
680 1065 766 1150 apud
790 1063 884 1128 fidem
909 1066 999 1127 tuam
1022 1085 1041 1127 a
1061 1062 1127 1128 Va·

103 1153 184 1218 lerio
203 1152 339 1219 Paulino
359 1155 498 1239 depositi
517 1158 605 1238 sunt,
628 1155 812 1219 consultum
826 1152 905 1217 velis
920 1156 1045 1217 mature
1064 1175 1126 1236 per

103 1264 167 1326 me,
199 1243 238 1307 iis
264 1244 405 1327 interim,
437 1243 553 1329 quibus
579 1265 666 1309 nune
691 1244 814 1328 petisti,
845 1241 968 1307 dedisse
993 1264 1045 1307 me
1071 1243 1124 1308 ius
1144 1268 1168 1308 1⁰

103 1330 276 1408 Quiritium
307 1333 419 1398 referri
450 1334 484 1397 in
522 1334 767 1400 commentarios
804 1353 892 1397 meos
925 1332 1004 1396 iussi
1035 1331 1124 1397 idem

101 1422 245 1487 facturus
268 1423 303 1487 in
325 1423 450 1507 ceteris,
473 1445 533 1508 pro
558 1424 674 1507 quibus
696 1423 834 1507 petieris.

499 1571 574 1632 cvr.
601 1569 720 1649 [11111

298 1680 329 1731 0.
344 1681 491 1732 PLINIUS
510 1681 670 1733 TRAIANO
689 1678 925 1731 IMPERATORI.

168 1779 326 1866 Rogatus,
359 1781 501 1866 domine,
533 1805 558 1846 a.
583 1780 617 1845 P.
641 1780 740 1846 Accio
764 1778 897 1864 Aquila,
933 1779 1121 1845 centurione
1141 1805 1165 1846 rs

100 1869 243 1934 cohortis
260 1874 367 1935 sextae
387 1871 553 1955 equestris,
576 1874 613 1935 ut
631 1870 791 1936 mitterem
805 1869 865 1933 tibi
878 1868 1037 1952 libellum,
1062 1891 1122 1954 per

100 1980 195 2043 quem
219 1950 453 2044 indulgentiam
474 1983 532 2045 pro
558 1964 644 2025 statu
666 1960 752 2024 filiae
775 1981 850 2025 suae
874 1958 1038 2042 implorat,
1063 1959 1121 2024 du·

98 2071 170 2112 rum
193 2050 305 2134 putavi
327 2072 458 2136 negare,
482 2072 555 2115 cnm
574 2051 703 2134 scirem,
726 2053 880 2134 quantam
898 2049 1017 2114 soleres
1036 2049 1120 2114 mili·

98 2141 167 2206 tum
191 2140 339 2223 precibus
362 2141 551 2225 patientiam
573 2140 870 2223 humanitatemque
893 2141 1063 2223 praestare.

477 2288 567 2348 cvii.
593 2284 729 2365 [11111]
1137 2306 1163 2348 20

437 2398 618 2450 TRAIANUS
641 2397 777 2449 PLINIO.

164 2499 325 2564 Libellum
335 2499 369 2564 P.
379 2499 459 2565 Acci
473 2500 625 2585 Aquilae,
644 2499 840 2566 centurionis
852 2499 993 2564 cohortis
1009 2503 1118 2564 sextae

98 2589 268 2673 equestris,
291 2612 385 2674 quem
410 2590 490 2655 mihi
512 2590 641 2674 misisti,
664 2590 743 2676 legi3
767 2588 856 2654 cuius
879 2589 1026 2673 precibus
1050 2610 1119 2654 mo-

96 2681 148 2743 tus
185 2679 258 2744 dedi
295 2680 380 2744 filiae
418 2681 485 2745 eius
523 2680 686 2745 civitatem
723 2677 909 2744 Romanam.
955 2677 1118 2744 Libellum

95 2770 256 2853 rescripti,
281 2791 376 2853 quem
399 2768 448 2834 illi
471 2770 633 2854 redderes,
656 2769 729 2835 misi
752 2769 820 2833 tibi.
1136 2791 1162 2832 ss

484 2934 590 2995 cvm.
617 2932 719 3012 [1111]

292 3045 323 3096 0.
338 3044 485 3096 PLINIUS
504 3046 664 3096 TRAIANO
684 3043 921 3095 IMPERATORI.

60 3164 74 3211 1
163 3143 245 3221 Quid
275 3145 392 3211 habere
426 3146 505 3211 iuris
535 3147 615 3211 velis
650 3149 682 3210 et
711 3144 869 3228 Bithynas
900 3147 932 3207 et
961 3142 1114 3211 Ponticas

95 3233 240 3299 civitates
263 3234 298 3298 in
323 3236 487 3322 exigendis
510 3235 668 3321 pecuniis,
699 3257 780 3318 quae
803 3234 868 3298 illis
893 3234 944 3297 vel
968 3255 1007 3299 ex
1029 3234 1115 3300 loca-

165 3380 180 3428 ὅ
200 3376 277 3445 Aper
295 3378 362 3443 Ba,
382 3377 421 3433 K.
432 3378 458 3443 I,
478 3376 580 3442 Horti,
603 3375 678 3428 Axer
696 3376 732 3441 A,
751 3375 769 3444 †
788 3374 851 3427 add.
868 3374 955 3428 ΚΠ
969 3379 995 3428 et
1013 3373 1114 3430 Maeli.

93 3451 109 3499 9
127 3447 198 3501 velis
216 3449 325 3503 mature
339 3464 390 3516 per
404 3465 457 3513 me,
476 3448 512 3500 iis
527 3447 665 3513 Beroald,
685 3446 722 3500 K.
733 3447 759 3512 1,
779 3446 886 3512 Hard.;
904 3444 982 3512 velis,
1001 3448 1115 3500 matura

70 3533 133 3580 per
147 3536 202 3573 me.
241 3519 284 3574 lis
302 3521 397 3590 KII,
418 3519 517 3577 Maeli.
605 3524 638 3574 16
658 3517 780 3572 cohortis
799 3517 837 3570 III
857 3517 1023 3586 campestris
1042 3520 1113 3574 corsi.

59 3587 234 3647 Mommsen.
253 3593 316 3651 coll.
334 3596 423 3653 rhea.
438 3595 482 3652 cd.
499 3594 618 3652 Heraea
636 3609 667 3649 a.
682 3593 764 3648 5443.
