2400 3862
119 193 184 260 360
552 187 581 245 c.
600 189 698 243 Ριιιιι

118 356 239 420 dierum
264 355 348 419 inter
370 358 420 419 tot
443 355 568 438 imperii
597 376 688 420 curas
713 355 805 437 quasi
827 378 885 440 per
908 354 1010 420 otium
1033 357 1137 421 trans·

118 446 193 531 igis!
235 443 347 528 ltaque
382 467 449 510 non
481 444 546 509 albi
581 447 613 509 et
643 444 772 509 attoniti
801 467 860 510 neo
887 448 924 510 ut
955 445 1137 528 periculum

118 534 231 619 capitis
255 534 373 600 adituri
395 534 480 599 tardi
503 534 542 599 ad
565 538 612 618 te,
641 534 696 599 sed
721 535 824 600 securi
847 540 879 600 et
901 535 1033 618 hilares,
1062 556 1136 601 cum

81 642 97 689 a
117 623 321 690 commodum
345 628 407 707 est,
429 623 644 696 convenimus.
691 623 748 708 Et,
771 624 959 690 admittente
981 623 1138 710 principe,

117 715 278 779 interdum
311 718 359 778 est
391 713 525 798 aliquid,
567 713 653 797 quod
685 735 744 779 nos
782 715 869 779 domi
902 714 994 798 quasi
1031 714 1165 802 magias

116 804 331 870 necessarium
354 807 474 869 teneat:
502 803 645 868 excusati
668 825 792 888 semper
815 804 876 869 tibi
898 825 958 870 nec
979 826 1136 889 umquam

116 893 288 959 excusandi
316 914 436 958 sumus.
483 892 552 958 Seis
580 892 665 958 enim
688 894 750 958 sibi
778 915 936 978 quemque
962 897 1137 978 praestare,

116 984 203 1067 quod
226 987 258 1049 te
282 983 400 1067 videat,
425 982 511 1066 q'uod
529 983 725 1068 frequentet,
748 1005 786 1049 ac
803 988 894 1049 tanto
913 983 1080 1049 liberalius
1098 1005 1136 1049 ac
1172 1035 1175 1038 -

80 1090 96 1139 a
116 1073 235 1138 diutius
255 1073 430 1157 voluptatis
449 1072 544 1137 buius
564 1073 690 1157 copiam
709 1074 851 1157 praebes.
878 1072 912 1139 N
913 1095 948 1139 ec
968 1074 1135 1139 salutatio·

115 1184 170 1228 nes
198 1166 269 1227 tuas
304 1162 383 1249 fuga
411 1167 442 1227 et
470 1162 602 1227 vastitas
630 1163 788 1246 sequitur:
815 1185 1026 1247 remoramur,
1058 1164 1175 1230 resi-1⁰

115 1253 229 1317 stimus
253 1257 290 1316 ut
313 1252 347 1316 in
370 1252 534 1317 communi
557 1251 668 1336 domo,
699 1275 795 1336 quam
817 1275 920 1337 nuper
941 1253 999 1318 illa
1021 1253 1134 1319 imma-

114 1343 247 1407 nissima
278 1341 373 1406 belua
404 1342 544 1426 plurimo
577 1345 697 1407 terrore
727 1343 899 1426 munierat,
938 1364 1012 1408 cum
1045 1345 1135 1409 velut

115 1433 253 1515 quodam
276 1453 374 1516 specu
401 1432 526 1497 inclusa
552 1453 638 1497 nunc
660 1432 915 1517 propinquorum
943 1433 1133 1519 sanguinem

112 1521 281 1604 lamberet,
316 1543 404 1586 nunc
437 1544 470 1586 se
503 1521 543 1586 ad
576 1521 825 1587 clarissimorum
859 1522 977 1588 civium
1009 1526 1133 1610 strages

77 1612 287 1694 accedesque
311 1611 477 1694 proferret.
524 1610 785 1676 Obversabantur
811 1612 942 1677 foribus>
961 1612 1078 1677 horror
1100 1617 1134 1679 et
1151 1624 1172 1666 ²⁶

114 1701 219 1765 minae
242 1705 274 1765 et
297 1723 356 1784 par
379 1705 482 1765 metus
507 1701 654 1766 admissis
678 1705 711 1765 et
733 1702 884 1767 exclusis:
913 1701 953 1766 ad
976 1702 1040 1767 hoc
1062 1703 1133 1787 ipse

114 1812 248 1856 occursu
273 1811 401 1874 quoque
425 1790 559 1875 visuque
586 1790 753 1875 terribilis3
777 1791 927 1875 superbia
954 1792 988 1855 in
1015 1791 1132 1876 fronte,

113 1880 160 1944 ira
183 1880 217 1943 in
240 1879 354 1963 oculis,
378 1879 534 1945 femineus
558 1880 662 1964 pallor
680 1880 714 1944 in
733 1902 878 1965 corpore,
902 1880 936 1946 in
956 1902 1010 1945 ore
1029 1881 1133 1965 impu-

76 1986 92 2034 5
112 1969 220 2034 dentis
238 1971 341 2034 multo
360 1969 477 2034 rubore
496 1970 624 2034 suffusa.
660 1968 694 2035 N
695 1992 737 2034 on
756 1969 843 2036 adire
863 1971 1047 2056 quisquam,
1066 1993 1133 2036 non

112 2060 243 2143 adloqui
257 2059 395 2123 audebat
408 2059 555 2125 tenebras
575 2080 700 2142 semper
714 2064 934 2143 secretumque
948 2064 1131 2144 captantem
1149 2071 1173 2112 ¹⁰

111 2171 170 2214 neo
200 2171 352 2232 umquam
385 2172 424 2213 ex
452 2149 625 2213 solitudine
658 2170 716 2214 sua
747 2150 971 2234 prodeuntem,
1003 2150 1067 2214 nisi
1094 2154 1132 2216 ut

58 2232 101 2305 49
112 2238 318 2303 solitudinem
341 2239 466 2303 faceret.
501 2238 560 2303 llle
583 2242 705 2322 tamen,
728 2240 846 2323 quibus
869 2240 932 2304 sibi
954 2240 1131 2324 parietibus

112 2332 144 2392 et
166 2328 266 2393 muris
290 2329 426 2393 salutem
450 2350 540 2392 suam
564 2329 647 2392 tueri
669 2329 852 2411 videbatur,
883 2330 993 2394 dolum
1021 2351 1130 2395 seeum

111 2421 143 2482 et
161 2418 293 2483 insidias
312 2421 344 2482 et
361 2418 499 2483 ultorem
519 2419 674 2483 scelerum
694 2418 791 2483 deum·
806 2419 946 2484 inclusit.
984 2417 1131 2485 Dimorit

111 2508 329 2594 perfregitque
353 2507 513 2572 custodias
537 2530 641 2591 poena
659 2514 877 2595 angustosque
895 2530 954 2592 per
971 2508 1078 2574 aditus
1098 2514 1131 2575 et
1147 2520 1172 2562 ²⁵

112 2598 294 2662 obstructos
315 2619 382 2661 non
403 2618 493 2662 secus
516 2619 552 2662 aa
574 2620 630 2682 per
651 2602 777 2682 apertas
799 2598 883 2663 fores
906 2601 938 2663 et
959 2598 1130 2664 inritantia

110 2686 222 2751 limina
245 2687 380 2770 inrupit3
407 2687 568 2773 longeque
591 2692 669 2753 tuno
691 2688 741 2752 illi
764 2688 914 2753 divinitas
938 2710 1009 2771 sua,
1032 2689 1129 2774 longe

110 2798 225 2841 aroana
249 2777 305 2840 illa
324 2776 443 2841 cubilia
462 2778 611 2860 saevique
631 2799 784 2861 secessus,
809 2779 843 2841 in
862 2799 943 2861 quos
961 2778 1079 2844 timore
1096 2783 1129 2844 et

75 2866 260 2950 asuperbia
283 2870 315 2931 et
338 2866 412 2930 odio
431 2865 600 2931 hominum
619 2867 781 2953 agebatur.
820 2866 946 2944 Quanto
969 2889 1057 2934 nunc
1079 2872 1094 2933 t
1117 2903 1128 2916 ·

110 2995 323 3002 -—--.———-

182 3103 197 3151 2
231 3096 289 3150 albi
322 3097 430 3163 Madv,
457 3096 568 3167 Stanpl,
600 3097 651 3152 alii
683 3098 768 3165 codd,
798 3099 845 3165 K,
875 3096 993 3151 alienati
1021 3098 1127 3167 Maeli,

109 3169 186 3222 anxii
206 3171 256 3237 (vel
276 3168 389 3238 pallidi)
410 3167 425 3221 ‚9
448 3169 485 3223 K.
502 3170 582 3237 prob.
597 3170 707 3237 Boebr,
729 3169 825 3237 pavidi
845 3169 860 3224 ‚9
880 3169 993 3237 Sueten,
1011 3168 1127 3225 solliciti

109 3242 240 3296 Sebaelle.
350 3246 365 3294 3
391 3239 466 3294 tardi
493 3240 529 3293 ad
554 3241 583 3294 te
606 3243 693 3311 Lipa,
719 3243 830 3308 Baebr,
857 3243 965 3309 Maeli,
990 3241 1126 3297 tarditate

109 3314 195 3379 codd,
218 3314 290 3383 vulp.
315 3343 348 3352 -
371 3311 475 3365 hilares
496 3311 568 3384 <et>
588 3328 651 3366 cum
669 3312 684 3367 ,2
701 3314 738 3368 K.
756 3315 833 3382 prob.
848 3313 950 3369 Baebr.
1041 3320 1058 3369 4
1082 3314 1125 3368 sin

109 3385 182 3438 adm.
205 3386 315 3450 Baehr,
338 3385 479 3438 sedidem
503 3385 531 3437 st
554 3384 627 3438 adm.
647 3385 734 3454 princ.
755 3384 822 3458 <si>
843 3386 933 3453 praet.
953 3401 983 3455 p.
1003 3385 1126 3454 XXIII,

104 3457 216 3524 Maeli,
240 3456 274 3523 cf.
294 3456 400 3510 Barth.
423 3473 450 3525 p.
471 3459 532 3521 175,
556 3456 698 3526 principes
717 3458 754 3522 A,
778 3457 802 3510 si
820 3474 870 3511 oar.
890 3457 973 3541 vulp,
991 3458 1030 3512 K.
1048 3465 1125 3525 recte,

73 3528 135 3652 §fh
153 3546 215 3656 οἵ)
239 3531 290 3599 25,
318 3533 352 3599 4,·
381 3532 425 3599 66,
452 3532 485 3599 4,·
512 3525 550 3584 al.
679 3533 715 3582 ii
744 3528 778 3582 in
807 3545 948 3583 commum
979 3528 1009 3583 in
1042 3528 1125 3584 domo

99 3613 118 3650 e
134 3617 173 3655 ne
195 3619 218 3657 a
