2400 3862
376 214 637 290 uessruuaauu
654 214 694 268 111
714 221 792 269 1-4.
1048 219 1091 284 61

96 381 294 462 spectatusque
322 378 507 464 contigerit,
540 383 632 463 pater
660 399 788 462 quoque
816 382 849 442 et
876 382 1009 462 patruus
1042 380 1088 443 in·

94 467 169 530 lustri
192 469 284 533 laude
315 468 489 552 conspicui.
543 467 666 545 Quibus
705 468 853 532 omnibus
883 469 929 532 ita
959 468 1123 536 demuma

95 555 184 622 similis
214 557 389 638 adolescet,
423 558 451 621 si
480 557 624 622 imbutus
654 558 798 621 honestis
829 557 952 621 artibus
982 558 1088 640 fuerit,

94 665 154 726 quas
173 647 347 730 plurimum
369 646 467 711 refert
490 669 509 710 a
528 669 592 730 quo
611 647 817 730 potissimum
837 647 982 730 accipiat.
1023 646 1087 710 Ad·
1107 667 1122 714 3

68 733 140 801 chuc
164 737 254 801 illum
284 736 441 819 pueritiae
470 737 553 800 ratio
586 737 672 800 intra
711 735 957 801 contubernium
994 739 1087 801 tuum

91 825 185 908 tenuit,
216 828 439 909 praeceptores
477 825 565 890 domi
601 825 729 908 habuit,
760 825 817 889 ubi
847 828 896 890 est
926 824 1087 889 erroribus

90 914 193 980 modica
214 916 267 979 vel
286 915 384 979 etiam
407 915 497 978 nulla
514 915 656 979 materia.
697 912 766 978 Iam
785 914 892 978 studia
911 914 978 979 eius
998 917 1088 978 extra

88 1000 166 1067 limen
184 1004 375 1087 proferenda
393 1007 476 1082 sunt,
495 1004 559 1068 iam
578 1002 881 1087 circumspiciendus
900 1004 1011 1067 rhetor
1028 1003 1087 1068 La-

87 1089 272 1175 musonius
297 1092 424 1157 scholae
448 1094 609 1176 severitas,
631 1093 745 1176 pudor,
768 1092 802 1156 in
825 1093 937 1175 primis
956 1093 1087 1158 castitas

56 1204 76 1244 a
88 1186 200 1246 constet.
254 1180 357 1246 Adest
386 1182 471 1246 enirn
501 1182 699 1247 adulescenti
727 1185 839 1247 nostro
870 1203 943 1246 cum
974 1183 1123 1250 cetarias

85 1275 198 1336 naturae
228 1272 439 1356 fortunaeque
468 1272 597 1336 dotibus
626 1271 743 1336 eximia
774 1271 918 1354 corporis
947 1271 1088 1354 pulchri-

85 1360 161 1444 tudo,
183 1360 237 1425 cui
260 1361 295 1425 in
317 1360 379 1426 hoc
402 1361 526 1425 lubrico
551 1361 665 1426 aetatis
688 1383 755 1425 non
768 1364 958 1445 praeceptor
981 1360 1088 1442 modo,

84 1448 125 1512 sed
154 1454 262 1516 custos
291 1450 392 1514 etiam
423 1454 591 1534 rectorque
624 1451 824 1534 quaerendus
857 1452 914 1513 est.
967 1449 1122 1516 Videorc

83 1557 143 1622 ergo
165 1540 384 1604 demonstrare
403 1540 464 1604 tibi
481 1561 576 1623 posse
596 1538 714 1603 Iulium
734 1537 926 1603 (ianitorem.
950 1537 1087 1602 Amatur

51 1647 96 1690 oa
114 1650 171 1708 me3
194 1629 315 1693 iudicio
339 1633 447 1693 tamen
469 1650 541 1692 meo
565 1651 632 1694 non
662 1630 769 1693 obstat
797 1629 913 1693 caritas
936 1628 1087 1710 hominis,

81 1735 147 1797 quae
169 1740 208 1782 ex
227 1717 346 1782 iudicio
370 1722 447 1782 nata
475 1721 531 1782 est.
579 1718 639 1782 Vir
666 1722 714 1782 est
741 1717 929 1782 emendatus
957 1721 990 1781 et
1017 1739 1087 1802 gra·

79 1805 131 1888 sis,
150 1808 248 1890 paulo
272 1807 368 1871 etiam
392 1807 554 1871 horridior
577 1810 609 1871 et
633 1807 742 1871 durior
760 1811 798 1871 ut
820 1807 855 1870 in
872 1808 933 1871 hac
955 1807 1087 1871 licentia

78 1895 257 1980 temporum.
281 1895 443 1971 Quantum
458 1897 642 1980 eloquentia
656 1898 771 1979 valeat,
789 1897 935 1979 pluribus
959 1895 1086 1960 credere
1106 1915 1121 1962 e

76 1988 169 2068 potes,
214 2007 290 2049 nam
313 1985 440 2050 dicendi
463 1986 599 2050 facultas
623 1989 734 2069 aperta
757 1990 788 2049 et
807 1985 953 2067 exposita
976 1981 1085 2048 statim

45 2075 213 2139 scernitur.
252 2073 329 2138 Vita
347 2075 515 2140 hominum
534 2076 617 2139 altos
632 2096 774 2140 recessus
793 2094 991 2158 magnasque
1009 2073 1086 2136 late·

76 2160 137 2227 bras
159 2163 271 2246 habet3
295 2164 385 2228 cuius
408 2185 467 2248 pro
493 2163 644 2229 Genitore
672 2186 723 2228 me
752 2184 939 2246 sponsorem
968 2162 1084 2244 accipe.

73 2248 157 2316 Nihil
179 2275 219 2317 ex
241 2253 304 2317 hoc
327 2253 396 2316 viro
424 2253 511 2317 filius
539 2257 613 2318 tuus
642 2254 750 2317 audiet
777 2252 841 2315 nisi
870 2251 1085 2335 profuturum,
1106 2271 1140 2318 ‘1-

72 2340 146 2405 nihil
169 2342 283 2425 discet,
312 2341 398 2426 quod
428 2343 567 2407 nescisse
599 2344 718 2406 rectius
742 2341 853 2421 fuerit,
888 2362 949 2405 nec
979 2340 1085 2404 minus

71 2451 158 2514 saepe
181 2431 221 2496 ab
245 2432 303 2496 illo
327 2452 424 2514 quam
452 2455 471 2495 a
498 2435 529 2495 te
560 2453 673 2515 meque
701 2430 940 2513 admonebitur,
968 2430 1085 2512 quibus

36 2519 258 2606 simagiuibus
278 2524 440 2603 oneretur,
465 2543 546 2604 quae
570 2522 702 2585 nomina
726 2524 758 2584 et
781 2523 902 2603 quanta
919 2520 1085 2583 sustineat.

68 2606 201 2674 Proinde
224 2609 406 2674 faventibus
431 2610 479 2673 dis
502 2611 593 2674 trade
623 2632 696 2673 eum
727 2609 940 2693 praeceptori,
970 2631 989 2672 a
1019 2629 1084 2691 quo

67 2719 167 2763 mores
199 2699 354 2782 primum,
388 2720 464 2762 mox
495 2699 714 2784 eloquentiam
743 2699 858 2782 discat,
889 2719 970 2781 quae
1001 2697 1084 2761 male

66 2787 133 2852 sine
155 2788 298 2853 moribus
322 2788 464 2852 discitur.
510 2788 599 2853 Vale.

543 2954 596 3011 IV.

219 3063 250 3114 C.
265 3063 413 3114 PLINIUS
433 3062 606 3114 CAECILIO
626 3063 790 3114 MACRINO
812 3063 880 3112 SUO
902 3061 929 3111 S.

143 3181 295 3258 Quamvis
315 3184 347 3245 et
366 3181 474 3263 amici,
493 3202 574 3264 quos
593 3184 775 3265 praesentes
789 3180 956 3261 habebam,
975 3183 1007 3242 et
1022 3201 1084 3242 ser·
1104 3197 1118 3244 1

60 3292 172 3335 mones
196 3271 364 3335 hominum
387 3272 508 3351 factum
533 3293 640 3335 meum
658 3271 884 3352 comprobasse
907 3268 1085 3351 videantur,

59 3361 172 3445 magui
201 3364 310 3425 tamen
339 3360 474 3424 aestimo
508 3360 602 3443 scire,
633 3359 710 3443 quid
743 3358 861 3422 sentias
894 3360 938 3422 tu.
989 3355 1120 3438 Nam,2

140 3541 173 3588 14
196 3551 248 3602 ego
264 3552 320 3602 pro
342 3551 409 3603 ergo
432 3535 559 3593 dictord.
585 3537 705 3606 foetasse
719 3541 812 3604 recte,
836 3533 876 3602 cf.
899 3533 940 3587 nd
963 3529 1052 3586 Tros.
1069 3529 1111 3580 ab

50 3607 122 3668 (34),
142 3609 167 3654 1.
239 3609 276 3657 30
295 3604 419 3662 Caecilio
439 3626 475 3664 ex
493 3611 553 3667 eolo
575 3613 611 3671 R.
