2386 3840
95 137 139 202 92
530 133 559 189 o.
578 116 678 189 rniu

59 301 132 361 out
162 298 310 381 plurimis
339 302 447 361 orator
480 298 643 363 habeatur.
697 297 812 383 ltaque
843 298 1035 368 Herennius
1063 299 1101 367 So

93 386 186 451 neeio
209 387 344 451 mirifioe
368 384 499 451 Catonis
521 387 603 453 illud
625 388 664 452 de
688 392 815 454 oratore
836 389 874 453 in
897 390 993 458 huno
1014 412 1103 457 soor

94 475 193 540 trario
223 476 333 540 vertit:
364 472 514 540 ‘Orator
544 482 602 542 est
630 477 690 541 vir
718 478 840 544 malus
871 477 1035 547 dioendi
1058 480 1104 545 in

93 565 264 648 peritus?
309 562 387 629 Non
409 566 591 630 mehercule
614 564 693 630 Cato
717 567 786 650 ipse
808 570 878 633 tam
901 567 992 635 bene
1014 590 1106 635 rann

58 669 74 717 6
93 658 253 719 oratorem
277 666 374 736 quam
396 653 450 719 hie
472 653 635 739 Regulum
657 656 822 740 expressit.
862 655 1038 745 Habesne,
1057 678 1122 743 quos

93 745 151 807 tali
174 743 329 826 epistulae
356 764 465 826 parem
489 745 626 829 gratiam
648 744 789 810 referas?
823 743 955 831 Habes,
974 746 1006 813 si
1026 748 1108 832 sarip

93 832 187 914 seris,
213 853 293 895 num
322 832 438 915 aliquis
476 832 511 895 in
540 833 716 917 municipio
744 838 851 899 vestro
880 858 924 900 ex
955 836 1108 903 sodalibus

93 921 182 1001 mols,
200 943 279 984 num
301 921 398 985 etiam
411 922 482 1005 ipse
499 925 537 986 tu
554 922 641 987 huno
653 923 838 989 luctuosum
852 922 980 1010 Reguli
1001 927 1108 992 librum

92 1012 130 1073 ut
153 1010 332 1083 ¹oiroulator
361 1011 396 1074 in
418 1011 489 1075 foro
513 1010 644 1096 legeris,
666 1010 814 1097 ἐπάρας
837 1013 983 1099 soilioet,
1013 1020 1052 1081 ut
1074 1015 1109 1080 ait

93 1098 340 1183 Demosthenes,
377 1101 447 1182 τὴν
480 1102 615 1184 φωνὴν
647 1101 711 1165 καὶ
743 1101 931 1185 γεγηθὼς
963 1105 1036 1171 καὶ
1064 1110 1130 1170 las

58 1191 300 1273 τρυγγίζων.
346 1188 407 1253 Est
438 1190 524 1253 enim
554 1193 621 1253 tam
651 1190 793 1275 ineptus,
823 1194 859 1254 ut
885 1192 996 1259 risum
1021 1195 1110 1280 magis

91 1280 196 1362 possit
218 1279 396 1362 exprimere
415 1300 512 1361 quam
536 1279 705 1364 gemitum:
728 1280 837 1345 eredas
860 1302 930 1345 non
954 1282 1000 1348 de
1025 1304 1111 1369 puero

92 1369 262 1451 seriptum,
286 1368 342 1432 sed
365 1389 384 1430 a
406 1388 515 1450 puero.
562 1367 651 1432 Vale.

560 1569 643 1627 VIII.

262 1694 626 1758 murmurantum
646 1696 806 1746 ARRIANO
827 1695 895 1745 SUO
917 1696 947 1746 S.
1123 1706 1137 1749 1

57 1828 70 1873 1
164 1809 341 1875 Gratularis
369 1812 466 1896 mihi,
493 1813 580 1896 quod
608 1813 786 1896 aooeperim
808 1817 1028 1897 auguratum:
1056 1818 1116 1883 iure

91 1901 277 1986 gratularis,
300 1901 440 1983 primum
464 1903 551 1985 quod
575 1902 757 1987 gravissimi
780 1901 936 1986 principis
960 1904 1116 1973 iudioiun

90 1991 124 2055 in
138 1990 316 2055 minoribus
331 1992 428 2056 etiam
447 1991 542 2056 rebus
562 1991 715 2074 consequi
732 1991 904 2075 pulchrum
923 1996 985 2076 est,
1006 1994 1117 2061 deinde

91 2082 177 2163 quod
208 2081 422 2145 sacerdotium
453 2081 560 2164 ipsum
590 2101 664 2144 oum
694 2081 836 2162 priseum
863 2083 896 2144 et
923 2082 1117 2168 religiosum

90 2174 160 2232 tum
191 2169 254 2233 hoo
287 2191 415 2252 quoque
446 2191 571 2234 saorum
605 2170 700 2253 plane
723 2173 755 2234 et
782 2169 907 2254 insigne
930 2173 998 2255 est,
1033 2174 1143 2258 quoda

54 2273 70 2320 2
89 2278 157 2320 non
179 2258 332 2321 adimitur
349 2259 481 2322 viventi.
510 2257 596 2322 Nam
616 2261 721 2323 oetera
740 2280 935 2341 quamquam
954 2258 1118 2347 dignitato

54 2346 1118 2519 itttltttttttssttttttttttttfttttatlt

90 2524 186 2587 etiam
209 2524 424 2608 gratulatione
448 2525 581 2610 dignum
599 2525 740 2608 videtur,
763 2527 850 2608 quod
869 2526 1013 2592 suooessi
1030 2529 1117 2595 Iulio

89 2611 260 2689 Frontino,
288 2613 427 2697 principi
450 2614 532 2697 viro,
564 2615 619 2697 qui
647 2637 698 2678 me
721 2613 951 2679 nominationis
975 2616 1031 2682 die
1057 2634 1146 2704 pers

88 2702 148 2766 hos
172 2703 343 2767 continuos
367 2723 467 2766 annos
491 2703 575 2767 inter
598 2704 777 2768 sacerdotes
800 2703 1004 2789 nominabat,
1032 2711 1117 2773 tam·

90 2811 187 2872 quam
218 2791 252 2854 in
280 2792 390 2854 looum
421 2813 514 2854 suum
545 2795 723 2876 eooptaret;
751 2792 839 2875 quod
865 2814 953 2857 nuno
975 2802 1116 2864 eventus

52 2895 70 2943 s
88 2880 134 2943 ita
147 2879 381 2963 comprobavit,
402 2882 439 2943 ut
452 2902 519 2944 non
532 2882 702 2946 fortuitum
716 2880 885 2946 videretur.
909 2880 954 2946 'Ie
969 2885 1117 2972 quidem,

89 2971 126 3031 ut
157 2968 285 3051 scribis,
315 2969 356 3032 ob
387 2968 449 3032 hoo
480 2970 617 3034 maxime
648 2971 785 3034 delectat
809 2974 984 3056 auguratus
1010 2994 1117 3061 meus,

162 3145 228 3194 lut
257 3141 387 3210 plurimis
416 3146 509 3196 orator
536 3145 646 3214 RFpr
674 3146 747 3212 (vide
772 3147 850 3213 iutra
875 3147 913 3200 ad
931 3150 981 3214 13,
1007 3154 1045 3218 9;
1077 3154 1114 3220 of.

95 3214 138 3267 VI
147 3216 192 3279 24,
207 3217 224 3266 5
228 3234 239 3280 ;
254 3214 370 3281 V1127,
384 3218 417 3281 6;
430 3231 530 3283 panop.
546 3219 590 3281 88,
604 3220 648 3284 3),
667 3218 700 3269 ut
718 3232 736 3268 a
749 3216 879 3284 plurimis
893 3233 932 3270 or.
952 3235 979 3284 a,
996 3220 1112 3292 Geton„

90 3285 165 3350 Otto,
194 3285 305 3352 Muell,
333 3287 366 3338 ut
394 3287 489 3339 orator
508 3288 618 3353 MVD,
637 3287 685 3354 K„
706 3287 816 3356 Stangl,
839 3289 926 3342 Merr.
973 3294 1007 3343 10
1027 3292 1112 3351 Dm

88 3373 141 3411 eor.
155 3359 218 3410 291.
281 3363 312 3409 11
332 3357 518 3410 risum-12
538 3359 674 3426 gemitum
693 3375 744 3412 om.
764 3361 803 3414 M
810 3360 875 3413 VD.
933 3365 966 3413 15
985 3362 1114 3423 Arriano

88 3428 151 3483 add.
167 3444 201 3481 ea
214 3429 250 3482 R.
308 3434 341 3481 21
358 3431 452 3482 oetera
470 3429 572 3496 aaa,
592 3430 663 3496 Otto,
683 3431 792 3495 Moab,
809 3429 870 3481 alla
885 3431 947 3482 rell.
959 3461 995 3470 -
1009 3451 1114 3500 qum.

88 3517 170 3567 puam
192 3499 266 3570 dign.
279 3517 407 3571 propem.
423 3500 507 3573 paria
527 3518 579 3558 om.
596 3503 623 3558 R
633 3502 670 3556 F.
740 3506 777 3553 ab
798 3500 890 3551 etiam
903 3497 982 3547 'illud
996 3501 1128 3568 RFpa.
