2400 3862
96 197 138 262 32
532 192 561 248 c.
580 193 679 248 unm

95 356 213 440 partim
238 355 366 438 studiis,
389 356 506 440 partim
525 357 648 422 desidia
665 358 769 441 fruor,
789 380 925 443 quorum
945 361 1127 442 utrumque

95 468 135 509 ex
158 445 224 510 otio
247 445 399 511 nascitur.
445 445 535 511 Vale.

581 610 637 671 111.

364 721 395 771 O.
407 720 556 771 PLINIUS
579 720 716 772 NEPOTI
735 721 804 772 SUO
825 721 853 772 S.

61 845 74 892 1
153 818 272 905 Magna
303 818 429 885 Isaeum
459 820 546 884 fama
575 824 804 904 praecesserat,
836 821 939 886 maior
967 822 1124 887 inventus

95 914 151 973 est.
198 908 332 974 Summe
354 915 404 974 est
426 909 578 992 facultas,
601 910 709 994 copia,
727 911 870 994 ubertos3
894 910 973 976 dicit
992 932 1126 995 semper

95 1021 134 1062 ex
157 1002 318 1082 tempore,
342 999 397 1063 sed
415 1003 581 1081 tamquam
605 998 662 1063 diu
680 1000 854 1082 scripserit.
891 997 1004 1065 Sermo
1024 998 1124 1066 Grae·

95 1109 164 1170 cus,
184 1086 283 1152 immo
303 1088 446 1171 Atticus,
465 1087 679 1172 praefationes
697 1092 818 1172 tersae,
831 1089 981 1175 graciles,
999 1090 1125 1174 dulces,

61 1200 75 1247 2
95 1198 209 1262 graves
227 1178 389 1242 interdum
409 1181 441 1242 et
460 1182 592 1242 erectae.
625 1177 736 1243 Poscit
750 1178 984 1243 controversias
1000 1180 1125 1263 plnres,

95 1266 283 1331 electionem
316 1267 516 1332 auditoribus
546 1268 721 1351 permittit,
751 1289 845 1351 saepe
873 1267 970 1333 etiam
1001 1273 1122 1352 partes,

96 1357 213 1441 surgit,
236 1357 398 1439 amicitur,
417 1356 545 1439 incipit:
564 1357 674 1421 statim
694 1357 802 1421 omnia
824 1377 862 1421 ac
880 1378 981 1440 paene
999 1359 1125 1440 pariter

95 1445 135 1508 ad
154 1467 298 1529 manum,
322 1467 434 1510 sensus
452 1445 611 1511 reconditi
629 1448 811 1529 occursant,
830 1446 941 1526 verba,
964 1447 1020 1511 sed
1045 1469 1124 1532 qua·

95 1535 151 1598 lial
176 1535 320 1617 quaesita
343 1538 376 1600 et
399 1535 534 1600 exculta.
580 1533 684 1600 Multa
700 1534 797 1601 lectio
817 1535 850 1600 in
869 1535 998 1615 subitis,
1018 1539 1124 1601 multa

60 1624 228 1706 ascriptio
253 1624 365 1689 elucet.
411 1622 636 1690 Prooemiatur
658 1629 745 1708 epte,
775 1627 885 1688 narrat
912 1628 1035 1709 aperte,
1064 1649 1121 1709 pu·

97 1716 174 1796 gnet
198 1713 327 1796 acriter,
350 1712 477 1798 colligit
499 1714 641 1796 fortiter,
666 1716 759 1778 omat
786 1714 925 1797 excelse,
953 1719 1120 1797 postremo

96 1803 202 1885 docet,
226 1802 378 1886 delectat,
405 1802 532 1887 adficit,
560 1803 637 1887 quid
666 1803 819 1886 maxime,
843 1802 983 1868 dubites:
1008 1805 1122 1869 crebra

95 1889 323 1976 ἐνθυμήματα,
346 1892 449 1957 crebri
472 1893 668 1978 syllogismi,
691 1893 926 1976 circumscripti
949 1895 982 1957 et
1004 1893 1121 1978 effecti,

97 1981 183 2063 quod
214 1982 289 2045 stilo
321 2004 449 2065 quoque
480 1982 613 2066 adsequi
642 2003 796 2067 magnum
827 1987 889 2064 est,
919 1981 1120 2048 incredibilis

95 2070 264 2152 memoria,
296 2071 414 2155 repetit
445 2072 555 2155 altius,
589 2093 671 2156 quae
703 2071 786 2135 dixit
815 2093 854 2136 ex
886 2075 1048 2155 tempore,
1080 2094 1121 2138 ne

59 2160 193 2226 sverbo
213 2160 341 2243 quidem
365 2161 492 2225 labitur.
539 2160 590 2225 Ad
618 2164 741 2225 tentam
772 2158 841 2235 ἕξιν
868 2159 975 2224 studio
1005 2165 1038 2225 et
1066 2184 1120 2226 ex·

96 2249 282 2313 ercitatione
300 2251 460 2334 pervenit,
483 2272 558 2315 nam
578 2249 689 2313 diebus
708 2253 740 2313 et
762 2249 912 2314 noctibus
930 2249 1013 2313 nihil
1033 2251 1120 2314 aliud

61 2357 77 2404 5
97 2336 172 2422 agit,
192 2338 275 2402 nihil
292 2340 390 2422 audit,
408 2340 492 2404 nihil
509 2339 662 2422 loquitur.
709 2335 840 2402 Annum
860 2338 1119 2423 sexagensimum

97 2426 232 2490 excessit
255 2432 288 2492 et
310 2428 416 2493 adhuc
438 2428 651 2494 scholasticus
674 2431 803 2492 tantum
826 2431 890 2492 est:
914 2449 978 2511 quo
1003 2449 1120 2513 genere

96 2515 264 2579 hominum
287 2517 370 2581 nihil
389 2522 445 2582 aut
464 2518 619 2583 sincerius
643 2520 699 2580 aut
718 2516 896 2600 simplicius
920 2519 977 2580 aut
995 2518 1118 2582 melius.

96 2603 165 2669 Nos
186 2605 283 2689 enim,
304 2608 360 2688 qui
379 2607 413 2671 in
431 2607 502 2672 foro
517 2606 664 2690 verisque
683 2606 794 2671 litibus
813 2606 960 2688 terimur,
979 2607 1119 2672 multum

61 2715 76 2762 6
97 2695 252 2778 malitiae,
275 2697 422 2778 quamvis
446 2697 602 2779 nolimus,
631 2695 838 2760 addiscimus:
869 2695 980 2760 schole
1007 2700 1041 2761 et
1064 2719 1119 2761 eu·

97 2783 249 2848 ditorium
282 2789 314 2848 et
341 2785 417 2850 ficta
440 2808 536 2851 causa
566 2808 618 2850 res
651 2784 796 2863 inermis,
829 2784 960 2848 innoxia
984 2788 1033 2848 est
1060 2806 1119 2849 nec

97 2874 202 2936 minus
217 2873 309 2956 felix,
328 2876 458 2939 senibus
477 2875 673 2959 praesertim.
710 2873 796 2938 Nem
816 2873 893 2957 quid
907 2874 941 2937 in
956 2877 1119 2939 senectute

62 2983 76 3029 7
97 2962 235 3045 felicius,
254 2985 351 3046 quam
366 2964 452 3048 quod
468 2965 689 3028 dulcissimum
710 2967 758 3027 est
772 2963 807 3026 in
821 2962 972 3027 iuventa?
1013 2961 1119 3040 Quare

97 3073 157 3136 ego
181 3050 306 3116 lsaeum
337 3076 403 3118 non
434 3053 679 3118 disertissimum
709 3055 850 3134 tantum,
879 3074 990 3118 verum
1020 3053 1118 3117 etism

96 3141 316 3204 beatissimum
342 3142 462 3226 iudic03
487 3164 583 3225 quem
615 3148 651 3206 tu
679 3141 743 3205 nisi
773 3162 967 3226 cognoscere
1002 3162 1119 3206 concu-

61 3229 209 3313 spiscis,
234 3252 347 3295 saxeus
370 3232 556 3315 ferreusque
580 3254 621 3295 es.
667 3230 821 3313 Proinde,
848 3230 965 3295 sinon
989 3232 1030 3295 ob
1055 3232 1119 3295 alie

96 3340 219 3402 nosque
249 3320 348 3402 ipsos,
381 3326 414 3386 at
442 3326 527 3386 certe
555 3325 592 3384 ut
622 3321 708 3383 hunc
736 3318 860 3401 audias,
889 3320 969 3384 veni.
1016 3319 1118 3385 Num·

97 3431 235 3491 quamne
257 3409 366 3495 legisti
391 3409 584 3475 Gaditanum
609 3409 767 3492 quendam
792 3408 858 3472 Titi
888 3408 960 3473 Livi
988 3409 1118 3475 nomine

149 3587 186 3632 26
202 3582 343 3639 nolumus
362 3587 462 3658 BFp
473 3607 495 3646 r.
