2400 3862
400 203 660 258 aersrumaun
678 203 703 257 v
723 209 765 272 re,
785 210 827 259 14.
1056 207 1118 275 137

512 373 591 432 xiv.
617 369 707 450 [xu]

267 497 298 549 0.
308 499 456 550 PLINIUS
474 499 611 551 PONTIO
630 499 815 551 ALLIFANO
835 499 905 551 SUO
926 500 953 550 S.
1001 512 1005 519 ·

169 614 367 681 Secesseram
386 619 422 681 in
440 617 662 702 municipium,
686 639 759 683 cum
779 617 859 683 mihi
872 618 1057 683 nuntiatum
1072 623 1121 684 est
1140 636 1154 684 1

100 703 279 770 Cornutum
309 705 489 770 Tertullum
521 707 681 791 accepisse
705 706 869 787 Aemiliae
900 708 970 773 viae
1001 728 1119 773 curam.

62 794 288 879 sExprimere
315 817 382 860 non
411 817 557 879 possum,
589 801 709 880 quanto
739 798 799 862 sim
827 798 945 883 gaudio
974 797 1154 863 adfectusa

99 890 132 950 et
154 885 313 968 ipsiuset
335 906 407 949 meo
431 885 571 966 nomine,
594 885 711 969 ipsius,
735 886 834 970 quod,
858 887 901 951 sit
922 887 1014 970 licet,
1037 889 1120 952 sicut

98 978 156 1058 est,
179 974 219 1038 ab
244 974 333 1038 omni
351 974 527 1039 ambitione
549 975 647 1060 longe
665 979 823 1058 remotus,
846 975 940 1041 debet
958 980 1067 1041 tamen
1090 977 1120 1041 ei

97 1063 257 1128 iucundus
280 1064 386 1128 honor
409 1082 477 1130 esse
500 1065 586 1128 ultro
611 1065 713 1147 datus,
736 1086 820 1147 meo,
843 1066 930 1148 quod
952 1066 1118 1149 aliquanto

97 1152 201 1237 magis
225 1175 276 1217 me
300 1153 436 1218 delectat
460 1154 646 1218 mandatum
670 1155 750 1218 mihi
769 1154 925 1237 officium,
947 1159 1118 1238 postquam

54 1271 79 1311 ro
96 1263 157 1326 par
180 1240 323 1306 Cornuto
352 1243 462 1307 datum
486 1242 588 1307 video
634 1242 750 1326 Neque
773 1243 859 1307 enim
883 1244 993 1329 augeri
1016 1244 1153 1329 digni-e

98 1335 165 1396 tate
184 1353 281 1414 quam
305 1332 435 1416 aequari
459 1332 553 1397 bonis
573 1332 705 1416 gratius.
752 1331 895 1398 Cornuto
915 1337 1022 1397 autem
1042 1332 1118 1417 quid

97 1420 221 1504 melius,
245 1420 322 1504 quid
346 1421 503 1504 sanctius,
530 1421 608 1504 quid
631 1421 666 1485 in
694 1421 782 1486 omni
808 1443 924 1508 genere
951 1422 1056 1487 laudis
1079 1422 1120 1485 ad

98 1511 262 1594 exemplar
295 1511 497 1595 antiquitatis
533 1511 737 1594 expressius?
779 1512 866 1594 quod
897 1511 979 1576 mihi
1011 1511 1119 1596 cogni·

96 1603 167 1664 tum
191 1602 329 1664 estnon
352 1599 451 1683 fama,
479 1621 543 1683 qua
566 1600 689 1684 alioqui
713 1601 891 1685 optimaet
913 1601 1119 1666 meritissima

54 1715 79 1757 rs
97 1688 223 1771 fruitur,
247 1688 302 1753 sed
324 1690 432 1774 longis
456 1690 646 1775 magnisque
669 1690 904 1774 experimentis.
950 1689 1025 1756 Una
1047 1689 1117 1755 dili·
1136 1706 1154 1754 4

97 1778 217 1861 gimus,
244 1800 309 1841 una
336 1777 516 1842 dileximus.
536 1800 647 1844 omnes
676 1779 755 1862 fere,
784 1802 864 1864 quos
893 1784 980 1844 aetas
1007 1783 1119 1844 nostra

97 1866 131 1931 in
153 1871 291 1950 utroque
315 1890 393 1932 sexu
421 1868 628 1933 aemulandos
655 1869 745 1952 tulit3
773 1891 854 1953 quae
883 1870 1018 1935 societas
1042 1870 1119 1933 arni·

97 1956 245 2021 citiarum
269 1956 429 2022 artissima
452 1979 511 2022 nos
535 1958 754 2023 familiaritate
777 1958 954 2024 coniunxit.
1000 1956 1150 2022 ncces-5

98 2045 139 2110 sit
166 2045 332 2111 vinculum
355 2047 601 2113 necessitudinis
624 2047 785 2131 publicam
812 2047 898 2112 idem
921 2047 1006 2111 enim
1030 2047 1118 2126 mihi,

56 2161 80 2202 so
97 2140 133 2199 ut
164 2135 241 2216 scis,
279 2137 405 2221 collega
447 2137 539 2219 quasi
574 2140 651 2201 voto
691 2137 813 2220 petitus
845 2138 880 2199 in
917 2136 1118 2219 praefectura

97 2224 210 2290 aerarii
232 2223 310 2308 fuit,
338 2225 403 2289 fuit
425 2229 458 2289 et
484 2226 519 2288 in
543 2227 721 2290 consulatu.
768 2225 852 2289 Tum
880 2246 955 2310 ego,
986 2225 1042 2308 qui
1068 2224 1119 2288 vir

98 2317 129 2378 et
158 2318 297 2397 quantus
328 2317 425 2397 esset,
454 2314 610 2379 altissime
639 2313 774 2398 inspexi,
803 2335 877 2378 cum
905 2335 1053 2397 sequerer
1080 2315 1118 2377 ut

96 2403 294 2488 magistrum,
317 2407 355 2468 ut
372 2408 539 2487 parentem
557 2426 691 2487 vererer,
715 2403 802 2487 quod
825 2425 891 2468 non
914 2407 981 2468 tam
1004 2403 1117 2468 aetatis

96 2492 279 2557 maturitate
311 2514 408 2577 quam
438 2493 523 2557 vitae
553 2493 745 2557 merebatur.
791 2490 852 2557 His
880 2515 920 2558 ex
947 2493 1051 2558 causis
1082 2495 1153 2555 uto

58 2606 80 2648 a
97 2581 146 2646 illi
164 2581 210 2666 sic
229 2581 310 2645 mihi
328 2583 475 2668 gratrdor
493 2603 553 2647 nec
570 2582 723 2666 privatim
743 2582 845 2667 magis
866 2604 962 2666 quem
981 2581 1118 2666 publice,

98 2671 184 2753 quod
202 2671 332 2736 tandem
350 2672 497 2736 homines
521 2694 587 2736 non
605 2673 646 2736 ad
665 2671 809 2755 pericula
827 2675 863 2735 ut
880 2672 984 2755 prius,
1006 2691 1118 2734 verum

98 2759 137 2823 ad
167 2761 307 2826 honores
336 2762 457 2825 virtute
485 2761 686 2843 perveniunt.
738 2759 777 2825 In
806 2761 970 2825 infinitum
1001 2759 1154 2843 epistus

97 2848 161 2913 lam
185 2849 363 2932 extendam,
387 2851 414 2915 si
442 2871 513 2914 meo
543 2850 727 2936 indulgeam
755 2850 883 2936 gaudio.
930 2849 1119 2912 Praevertor

97 2938 136 3003 ad
160 2960 214 3018 ea,
236 2959 318 3022 quae
341 2962 391 3004 me
415 2943 563 3026 agentem
587 2939 641 3005 hic
663 2940 796 3005 nuntius
821 2937 1037 3022 deprehendit.

61 3052 83 3094 so
167 3027 267 3092 Eram
291 3050 364 3093 cum
387 3051 559 3113 prosocero
579 3051 661 3112 meo,
684 3051 771 3093 eram
791 3050 864 3094 cum
883 3028 981 3092 amita
999 3025 1118 3108 uxoris,
1137 3041 1153 3089 8

97 3137 182 3181 eram
195 3138 282 3200 cum
305 3119 416 3183 amicis
441 3119 496 3182 diu
521 3119 721 3198 desideretis,
750 3117 958 3183 circumibam
987 3117 1118 3202 agellos,

97 3206 264 3271 audiebam
301 3208 439 3272 multum
475 3208 667 3273 rusticarum
706 3208 935 3291 querellarum,
976 3207 1117 3270 rationes

96 3294 242 3381 legebam
274 3297 393 3361 invitus
427 3299 460 3360 et
492 3298 612 3361 cursim
642 3293 729 3382 (aliis
762 3298 848 3361 enim
880 3296 1013 3380 chartis,
1046 3294 1117 3359 aliis

167 3459 183 3506 2
201 3452 327 3508 Allifano
342 3471 375 3508 ea
388 3455 425 3509 R.
499 3459 532 3507 13
548 3453 709 3524 exemplum
725 3456 769 3523 M,
785 3455 823 3509 K.
893 3455 1136 3521 ‘l‘l'mspexeuam

99 3524 140 3579 Μ.
211 3529 246 3577 28
265 3525 373 3592 gaudio
390 3541 454 3580 meo
472 3525 584 3600 indulg.
604 3530 692 3602 culp,
714 3545 781 3586 meo
805 3526 924 3598 ludulg.
942 3524 1058 3597 gaudae
1075 3518 1154 3576 Rei·

89 3594 206 3659 πλινψ.
221 3598 264 3646 48,
286 3626 318 3635 -
335 3601 522 3664 praevertam
541 3604 575 3660 D
580 3623 636 3677 pr.
