2400 3862
554 155 582 210 O.
597 156 696 209 PLINI

554 342 689 400 XXXIV.

331 468 525 518 00110100
545 468 781 530 0010010000
801 469 870 530 suo
892 469 919 518 s.

76 624 90 670 1
177 605 315 688 Explica
351 608 476 669 aestum
518 626 639 668 meum:
681 604 776 668 audio
815 627 865 669 me
902 605 984 669 male
1020 607 1138 692 legere,

110 695 280 759 dumtaxat
302 715 427 778 versus3
451 693 612 758 orationes
637 694 723 758 enim
752 694 934 777 commode,
961 695 1017 759 sed
1045 699 1137 760 tanto

111 785 217 849 minus
254 805 373 847 versus.
428 781 543 868 Cogito
580 805 657 868 ergo
694 784 886 848 recitaturus
923 784 1168 849 familiaribusr

111 874 223 938 amicis
247 872 385 956 experiri
403 873 556 937 libertum
575 893 691 936 meum.
728 873 801 937 Hoc
821 893 950 957 quoque
968 873 1138 956 familiare,

112 962 198 1046 quod
213 963 296 1048 elegi
309 983 376 1026 non
389 962 478 1045 bene,
498 962 554 1026 sed
568 962 694 1046 melius,
708 962 785 1045 scio,
798 963 966 1046 lecturum,
981 963 1009 1027 si
1027 967 1137 1027 tamen

75 1067 176 1115 anon
204 1051 304 1116 fuerit
329 1052 544 1135 perturbatus.
597 1051 658 1115 Est
688 1052 773 1115 enim
804 1055 870 1116 tam
901 1074 1005 1116 novus
1034 1053 1138 1117 lector

109 1148 208 1225 quam
227 1163 287 1226 ego
307 1143 410 1224 poeta.
456 1138 530 1223 Ipse
548 1141 673 1223 nescio,
691 1140 769 1223 quid
788 1141 845 1206 illo
864 1142 992 1226 legente
1006 1141 1137 1206 interim

107 1230 237 1313 faciam,
255 1230 382 1294 sedeam
401 1229 525 1294 defixus
545 1233 577 1293 et
596 1234 704 1294 mutus
724 1233 756 1294 et
770 1229 885 1294 similis
905 1231 1011 1295 otioso
1030 1253 1086 1313 an,
1100 1235 1136 1293 ut
1155 1250 1181 1287 1⁰

108 1319 255 1403 quidam,
288 1341 369 1401 quae
407 1319 644 1403 pronuntiabit,
680 1341 857 1402 murmure,
889 1319 1005 1403 oculis,
1039 1342 1137 1384 manu

110 1430 295 1493 prosequar.
338 1406 400 1472 Sed
419 1412 499 1491 puto
519 1430 569 1472 010
588 1430 656 1472 000
673 1408 779 1473 minus
799 1409 882 1473 male
901 1409 1018 1474 saltare
1039 1431 1137 1492 quam

110 1500 224 1584 legere.
270 1496 392 1561 Iterum
417 1496 535 1579 dicam,
558 1498 684 1580 explica
710 1501 833 1561 aestum
863 1521 970 1562 meum
999 1520 1137 1581 vereque

110 1587 262 1669 rescribe,
284 1608 363 1650 num
387 1586 430 1650 sit
453 1586 568 1650 melius
591 1587 730 1670 pessime
752 1589 860 1672 legere
884 1609 980 1670 quam
1004 1589 1067 1652 ista
1085 1589 1138 1651 vel

110 1675 303 1740 nonfacere
327 1675 378 1738 vel
401 1675 517 1739 facere
562 1675 651 1740 Vale.
1157 1695 1183 1733 15

565 1913 685 1973 XXXV.

394 2037 425 2088 Ο.
441 2038 589 2088 PLINIUS
608 2038 720 2089 ATRIO
741 2039 810 2089 SUO
831 2040 858 2089 S.

76 2193 90 2239 1
178 2174 328 2258 Librum,
352 2195 447 2257 quem
471 2173 605 2256 misisti,
623 2173 730 2257 recepi
753 2177 786 2238 et
808 2175 929 2259 gratias
953 2197 1024 2260 ago.
1058 2174 1137 2240 Sum

111 2268 220 2328 tamen
238 2264 301 2328 hoc
318 2269 464 2347 tempore
484 2263 758 2346 occupatissimus.
804 2262 881 2328 Ideo
900 2265 1045 2329 nondum
1064 2287 1135 2329 eum

111 2354 191 2438 legi,
214 2374 288 2417 cum
312 2353 434 2435 alioqui
456 2352 654 2417 validissime
678 2352 815 2436 cupiam.
862 2352 925 2418 Sed
953 2376 1023 2419 eam
1050 2376 1138 2418 reve·
1157 2371 1184 2410 20

112 2443 250 2506 rentiam
274 2463 347 2505 cum
370 2442 488 2506 litteris
512 2442 591 2526 ipsis
615 2445 685 2505 tum
709 2442 837 2526 scriptis
866 2443 931 2507 tuis
959 2442 1074 2526 debeo,
1100 2449 1139 2507 ut

113 2552 237 2595 sumere
274 2531 330 2594 illa
366 2531 430 2594 nisi
466 2553 568 2596 vacuo
606 2532 713 2596 animo
756 2531 977 2617 inreligiosum
1015 2537 1137 2616 putem.

77 2638 93 2684 2
113 2619 324 2705 Diligentiam
347 2625 437 2683 tuam
461 2621 496 2683 in
513 2620 724 2685 retractandis
744 2622 894 2704 operibus
913 2622 1007 2686 valde
1025 2623 1137 2706 probo.

113 2708 173 2773 Est
198 2713 306 2773 tamen
337 2709 453 2791 aliquis
484 2710 612 2792 modus,
642 2711 783 2794 primum
814 2710 901 2794 quod
931 2711 1032 2776 nimia
1061 2733 1138 2776 cura

113 2798 228 2863 deterit
251 2799 354 2882 magis
382 2820 478 2880 quam
507 2799 670 2882 emendat,
698 2799 812 2864 deinde
841 2799 927 2882 quod
955 2823 1014 2866 nos
1044 2822 1063 2864 a
1090 2824 1138 2864 re·
1158 2817 1184 2854 25

113 2887 309 2951 centioribus
341 2891 472 2951 revocat
504 2888 663 2970 simulque
697 2910 754 2953 nec
787 2889 927 2954 absolvit
960 2888 1069 2973 priora
1106 2896 1138 2954 et

112 2977 264 3041 inchoare
286 2977 466 3060 posteriora
488 2999 556 3041 non
578 2979 710 3061 patitur.
756 2977 845 3042 Vale.

184 3192 201 3238 4
221 3188 375 3254 commode,
395 3187 444 3241 sed
463 3205 491 3254 a,
511 3189 549 3241 K.
560 3189 602 3254 II,
623 3188 805 3255 commodius,
825 3189 875 3244 sed
890 3191 963 3257 K.I,
984 3190 1137 3244 commodis

113 3260 142 3311 00
160 3258 199 3323 D,
220 3259 393 3312 commodius
412 3262 441 3312 et
455 3276 508 3327 pr.
596 3265 610 3312 7
631 3261 680 3313 sed
699 3260 763 3314 mel.
779 3260 837 3314 scio
856 3261 921 3315 lect.
935 3274 1008 3328 rsa,
1027 3263 1062 3328 cf.
1078 3279 1099 3316 0.
1115 3279 1137 3315 c.

113 3329 163 3382 IX
179 3334 224 3396 21,
243 3334 262 3384 2
284 3338 310 3384 ct
333 3336 357 3397 3,
382 3330 420 3384 sit
442 3331 506 3385 mel.
526 3330 590 3384 lect.
610 3332 679 3400 Dp,
708 3332 757 3384 sed
780 3331 881 3385 melius
904 3331 1044 3387 lecturum
1068 3334 1138 3397 cdd,

114 3401 162 3454 sed
173 3400 261 3484 <mc>
271 3402 335 3457 mel.
346 3402 365 3456 l.
376 3403 455 3456 Boot.
513 3407 546 3455 10
561 3403 645 3470 prius
659 3405 687 3456 00
701 3419 752 3456 om.
768 3404 798 3457 D
803 3420 857 3472 pr,
874 3405 912 3458 K.
922 3407 947 3458 I.
1004 3411 1036 3458 1'1
1056 3404 1137 3458 Atrio

105 3473 148 3549 D,
167 3474 264 3539 Appio
275 3491 332 3541 pr,
358 3473 449 3543 Oppio
473 3491 500 3539 a,
524 3473 637 3527 Attio?
657 3475 704 3540 K,
729 3474 822 3529 Satrio
841 3476 856 3529 ?
874 3476 981 3546 Stanpl,
1005 3478 1040 3542 cs.
1058 3477 1138 3542 infra

90 3541 153 3591 md
167 3558 241 3595 noar,
259 3561 281 3598 0,
300 3563 323 3599 a
340 3544 456 3600 Satrius
477 3545 576 3602 Rufus.
