2400 3862
90 169 153 234 158
525 165 554 221 c.
574 165 673 220 Pnuu

88 330 282 395 adulationis
311 331 465 412 abstinui,
493 352 560 394 non
586 333 752 413 tamquam
780 328 863 394 liber
891 333 923 394 et
953 333 1117 412 constans,

88 420 144 483 sed
171 424 338 503 tamquam
366 420 558 505 intellegens
586 419 742 503 principis
764 418 882 502 nostri,
912 419 1004 484 cuius
1028 419 1117 483 vide-

88 508 163 573 bam
190 510 274 574 hanc
297 530 366 573 esse
394 509 601 592 praecipuam
629 508 771 592 laudam,
795 508 823 573 si
845 508 929 573 nihil
959 509 1053 592 quasi
1077 531 1118 573 ex

53 614 68 662 3
88 599 278 663 necessitate
298 598 509 663 decernerem.
543 597 748 663 Recordabar
766 598 863 663 etiam
881 597 1039 681 plurimos
1060 597 1116 663 ho·

88 709 182 753 nores
211 688 361 774 pessimo,
381 688 496 771 cuique
525 688 662 770 delatos,
692 710 711 751 a
742 687 859 770 quibus
886 687 940 751 hic
971 688 1148 770 optimuss

88 777 229 861 separari
257 798 323 840 non
347 777 411 841 alio
435 777 538 862 magis
563 780 690 859 poterat
714 798 811 860 quam
835 776 1021 841 diversitate
1044 797 1117 841 cen·

89 865 192 948 cendi,
216 867 303 948 quod
326 865 434 950 ipsum
456 888 523 930 non
546 864 803 930 dissimulatione
826 869 859 930 et
877 865 1006 930 silentio
1025 887 1117 949 prae-

88 955 174 1037 terii,
202 977 242 1018 ne
270 955 356 1020 forte
382 977 449 1019 non
476 954 631 1020 iudicium
655 955 736 1019 illud
763 977 885 1038 meum,
913 955 968 1020 sed
992 954 1115 1019 oblivio

52 1045 257 1108 evideretur.
303 1042 376 1109 Hoc
408 1049 486 1109 tunc
519 1066 593 1130 ego,
625 1045 680 1109 sed
717 1066 783 1108 non
816 1043 966 1108 omnibus
1004 1044 1116 1109 eadem

88 1134 231 1216 placent,
249 1156 289 1198 ne
309 1134 505 1198 conveniunt
524 1134 663 1217 quidem.
704 1133 874 1198 Praeterea
896 1133 1036 1197 faciendi
1060 1133 1116 1198 ali-
1137 1156 1162 1195 1o

89 1222 167 1307 quid
190 1246 257 1288 non
280 1223 459 1288 faciendive
482 1225 566 1288 ratio
586 1244 659 1288 cum
678 1223 847 1287 hominum
875 1223 1021 1306 ipsorum
1044 1226 1115 1288 tum

53 1332 195 1379 orarum
219 1313 317 1378 etiam
345 1334 382 1378 ac
410 1317 593 1397 temporum
617 1313 807 1378 condicione
830 1315 982 1377 mutatur.
1028 1310 1116 1377 Nam

88 1404 229 1467 recentia
259 1424 357 1486 opera
387 1402 520 1467 maximi
550 1402 707 1487 principis
739 1400 895 1485 praebent
926 1401 1115 1466 facultatem

87 1515 180 1574 nova,
200 1513 327 1577 magna,
346 1514 422 1555 vera
441 1492 600 1557 censendi.
625 1490 748 1568 Quibus
768 1513 808 1556 ex
826 1491 940 1573 causis,
960 1493 997 1554 ut
1016 1512 1115 1575 supra

88 1582 217 1663 scripsi,
250 1581 376 1663 dubito,
408 1604 449 1644 an
481 1581 566 1645 idern
599 1603 686 1645 nunc
717 1581 777 1644 tibi
806 1581 893 1664 quod
925 1584 1003 1644 tunc
1032 1578 1114 1644 mihi
1134 1601 1159 1642 15

89 1669 247 1733 suadeam.
281 1668 367 1733 Illud
390 1691 456 1733 non
480 1669 608 1754 dubito,
632 1669 780 1735 debuisse
804 1692 855 1734 me
878 1669 912 1732 in
931 1672 1022 1753 parte
1041 1690 1116 1734 con·

89 1758 153 1822 silii
176 1759 224 1821 tui
248 1780 381 1841 ponere,
407 1758 483 1842 quid
507 1760 577 1842 ipse
600 1759 756 1824 fecissem.
804 1758 894 1823 Vale.

532 1942 672 2001 XXVIH.

256 2070 286 2119 O.
301 2069 449 2119 PLINIUS
469 2070 605 2120 PONTIO
625 2069 809 2119 ALLIFANO
830 2070 899 2120 SUO
920 2070 947 2120 S.

55 2205 67 2252 1
158 2185 245 2270 Scio,
271 2209 352 2271 quae
367 2187 427 2250 tibi
442 2206 537 2251 causa
551 2187 650 2251 fuerit
663 2185 908 2270 impedimento,
928 2208 992 2270 quo
1008 2188 1114 2251 minus
1134 2209 1160 2248 ao

88 2299 293 2358 praecurrere
308 2276 482 2341 adventum
498 2298 604 2340 meum
617 2277 652 2339 in
667 2273 875 2360 Campaniam
889 2298 1008 2360 posses.
1042 2274 1115 2358 Sed,

60 2439 62 2443 ,
90 2386 287 2448 quamquam
316 2367 444 2448 absens,
473 2370 562 2430 totus
590 2366 655 2431 huc
686 2365 859 2451 migrastiz·
877 2368 1004 2430 tantum
1034 2365 1114 2429 mihi

90 2455 255 2537 copiarum
281 2476 345 2536 qua
368 2456 564 2520 urbanarum
593 2478 657 2540 qua
684 2457 878 2521 rusticarum
901 2455 1032 2519 nomine
1056 2459 1113 2519 tuo

91 2544 235 2608 oblatum
255 2548 312 2626 est,
330 2566 410 2626 quas
431 2566 541 2610 omnes
556 2545 703 2629 improbe
717 2547 850 2628 quidem,
869 2544 980 2627 accepi
996 2548 1114 2608 tamen.

53 2651 68 2697 2
89 2633 175 2698 Nam
199 2633 331 2714 metui,
354 2637 391 2696 ut
414 2635 460 2697 ita
478 2635 630 2719 facerem,
654 2636 826 2720 rogabant,
850 2638 882 2698 et
905 2634 1051 2716 verebar,
1074 2655 1114 2697 ne
1133 2653 1159 2693 as

90 2727 123 2787 et
137 2722 217 2788 mihi
232 2720 342 2786 stillis
358 2722 552 2808 irascereris,
572 2725 599 2789 si
613 2746 680 2789 non
694 2725 850 2789 fecissem.
887 2722 925 2786 ln
939 2727 1115 2805 posterum,

163 2924 178 2971 6
198 2916 254 2971 alio
269 2915 352 2970 modo
367 2916 458 2984 magis
478 2934 505 2983 a,
523 2919 571 2972 aed
589 2918 625 2984 cf.
640 2933 741 2986 panop.
758 2922 801 2982 11,
815 2919 848 2981 3,·
865 2920 911 2982 89,
927 2921 950 2971 1.
1027 2923 1059 2971 10
1079 2933 1114 2970 ne

92 2989 212 3053 Gesner,
228 2990 266 3042 K.
281 2990 320 3042 11
330 2987 414 3055 (disp.
429 2989 465 3041 11
478 2992 535 3057 12),
554 3005 606 3043 nec
620 2989 707 3054 codd,
722 2989 759 3042 Κ.
775 2990 799 3041 1.
815 3018 848 3027 -
863 2987 989 3042 faciendi
1004 2989 1113 3056 aliquid

89 3077 146 3114 non
160 3059 318 3114 faciendive
332 3058 406 3112 ratio
417 3058 461 3124 M,
472 3060 510 3112 K.
520 3062 557 3114 11
569 3062 652 3129 (disp.
661 3062 697 3114 11
706 3063 744 3127 7),
759 3059 870 3126 Maeli,
887 3059 905 3113 f.
917 3075 942 3114 a.
952 3078 979 3114 n.
990 3060 1114 3114 faciendi

91 3131 259 3199 (faciendive
279 3133 305 3199 ς)
328 3146 395 3185 vera
418 3130 492 3183 ratio
511 3144 563 3198 rs,
587 3132 606 3185 f.
627 3147 653 3185 a.
672 3130 716 3184 vel
738 3147 795 3183 non
814 3129 937 3185 faciendi
961 3148 1027 3186 vera
1046 3150 1066 3186 r.
1087 3150 1113 3197 a,

92 3205 129 3258 K,
139 3204 164 3269 I,
175 3202 301 3257 faciendi
311 3218 377 3256 vera
391 3201 465 3255 ratio
476 3202 540 3269 Dp.
615 3203 667 3255 12*
681 3203 809 3255 mutatur
819 3203 857 3256 M
861 3215 908 3270 rs,
920 3203 1027 3270 Octava,
1042 3221 1113 3256 nun-

91 3275 183 3328 ciatur
194 3291 223 3342 p,
243 3275 332 3328 initur
345 3275 402 3328 Da
417 3272 561 3342 (innititur
579 3274 612 3339 ?).
687 3278 720 3326 19
742 3272 864 3326 Allifano
884 3275 949 3328 add.
965 3274 1063 3329 Muell.
1082 3282 1114 3328 ut

96 3347 290 3412 2142114.
364 3351 398 3399 24
419 3344 533 3413 quidem
548 3345 611 3400 add.
627 3345 752 3400 Sichurd.
771 3352 850 3411 recle,
869 3346 903 3412 of.
918 3344 998 3410 iufra
1016 3350 1061 3409 29,
1080 3349 1114 3410 3,·

90 3419 140 3472 IX
157 3422 202 3484 30,
221 3422 239 3471 3
244 3438 255 3484 ;
269 3435 370 3488 panop.
386 3421 431 3484 24,
450 3421 467 3470 4
473 3437 483 3483 ;
501 3421 546 3484 30,
560 3421 594 3484 2,·
612 3421 657 3483 31,
671 3421 705 3483 2,·
724 3421 768 3484 32,
783 3421 815 3482 4,·
834 3421 878 3483 42,
893 3421 919 3481 4,
938 3417 1015 3482 oim.;
1033 3416 1113 3470 dissi·

88 3491 164 3543 milis
182 3490 291 3544 uidetur
305 3491 365 3545 VII
378 3494 424 3556 21,
439 3495 463 3543 1.
538 3495 572 3543 25
591 3504 637 3542 me
651 3489 681 3542 D
685 3505 767 3556 pra,
783 3489 811 3542 et
826 3489 869 3555 M,
885 3489 922 3542 Κ.
937 3488 1071 3554 (debebat
1085 3491 1114 3541 et

73 3560 123 3609 tui
134 3590 169 3598 —
185 3563 218 3613 et
234 3559 305 3629 ego’,
326 3562 452 3632 Maelo).
