2400 3862
123 217 189 283 390
559 212 587 268 c.
606 212 704 268 rum

122 379 223 446 donec
241 384 274 446 te
292 379 419 464 saepius
439 380 604 444 consulem
623 378 759 444 videant.
795 377 910 463 Neque
929 378 1014 444 enim
1034 383 1147 464 potest

120 492 187 535 non
219 469 354 535 nimium
391 490 460 535 esse
496 469 646 555 privatis,
682 469 768 554 quod
801 469 941 555 principi
973 470 1053 534 satis
1087 475 1144 536 est.

120 558 262 644 Adnuas,
281 558 409 643 Caesar,
429 559 628 646 optantibus,
648 560 829 642 quibusque
841 559 925 642 apud
940 559 1016 624 deos
1031 558 1145 625 edesse

121 649 291 733 consuesti,
311 670 448 734 quorum
467 652 559 733 potes
579 650 648 734 ipse
666 652 827 730 votorum,
846 652 1012 734 compotes
1030 649 1143 715 facias.

65 731 110 804 79
120 738 194 804 Τ111
206 740 342 804 fortasse
357 739 499 804 sufficiat
512 734 635 804 tertius'
645 739 846 822 consulatus,
871 738 925 803 sed
939 738 1032 804 nobis
1048 743 1142 805 tanto
1166 763 1177 805 s

120 830 226 895 minus
246 829 375 895 sufficit.
402 829 462 894 Ille
480 850 540 894 nos
555 828 697 894 instituit
711 832 743 893 et
762 827 898 911 induxit,
915 831 953 893 ut
971 831 1003 893 te
1021 828 1142 895 iterum

84 933 100 981 2
119 920 299 1003 iterumque
318 919 483 984 consulem
502 917 619 984 habere
633 917 808 1002 cupiamus.
855 916 1033 983 Remissius
1053 918 1141 984 istud

120 1009 397 1092 contenderemus,
427 1009 454 1073 si
478 1008 583 1073 adhuc
609 1007 820 1090 nesciremus,
849 1008 953 1091 qualis
982 1028 1068 1074 esses
1092 1008 1141 1072 fu·

117 1102 223 1163 turus:
246 1098 447 1164 tolerabilius
470 1097 533 1163 fuit
561 1098 816 1182 experimentum
842 1097 892 1161 tui
918 1096 1012 1162 nobis
1042 1119 1140 1181 quam

83 1202 99 1250 3
118 1210 213 1253 usum
231 1189 351 1275 negari.
384 1187 563 1253 Dabitume
582 1208 693 1253 rursus
712 1187 819 1253 videre
838 1187 1004 1253 consulem
1023 1187 1140 1253 illum?
1159 1211 1177 1251 κ

118 1276 251 1362 Audiet,
274 1278 385 1343 reddet
407 1299 486 1361 quas
509 1278 655 1361 proxime
678 1298 773 1343 voces
796 1275 1038 1361 praestabitque
1063 1299 1141 1364 gau-

118 1368 220 1451 dium,
253 1371 408 1453 quantum
441 1369 510 1452 ipse
542 1366 721 1452 percipiet?
764 1366 965 1431 Praesidebit
995 1367 1140 1432 laetitiae

119 1457 266 1541 publicae
280 1461 393 1523 auctor
411 1456 479 1522 eius
498 1461 531 1522 et
549 1479 646 1522 causa
664 1456 898 1540 temptabitque
918 1455 1063 1521 adfectus
1082 1478 1139 1523 no·

80 1563 97 1610 4
117 1552 215 1631 stros,
233 1551 270 1612 ut
289 1549 383 1631 solet,
402 1546 573 1612 cohibere?
591 1568 657 1612 non
675 1547 804 1632 poterit.
827 1546 903 1610 1111
916 1544 1030 1629 pietati
1049 1568 1139 1612 sena·

116 1641 169 1702 tus
184 1658 257 1702 cum
272 1636 429 1701 modestia
443 1637 599 1720 principis
613 1636 691 1701 felix
707 1636 950 1720 speciosumque
965 1639 1138 1722 certamen,
1157 1657 1177 1699 u

117 1748 172 1791 seu
191 1725 290 1791 fuerit
307 1726 394 1791 victa
413 1747 468 1790 seu
487 1726 608 1790 vicerit.
639 1725 800 1810 Equidem
818 1724 1018 1811 incognitam
1037 1747 1137 1811 quan·

116 1816 188 1881 dam
221 1816 431 1900 proximaque
461 1816 615 1880 maiorem
644 1837 815 1898 praesumo
845 1815 1011 1880 laetitiam.
1057 1815 1137 1893 Quis

116 1906 201 1971 enim
217 1909 266 1971 est
283 1909 349 1970 tam
369 1904 523 1971 imbecilli
541 1905 676 1990 ingenii,
700 1905 839 1988 quinon
858 1908 950 1970 tanto
969 1904 1136 1971 meliorem

81 1996 281 2061 sconsulem
312 1999 430 2080 speret,
462 1998 583 2080 quanto
614 1994 740 2078 saepius
770 1993 891 2059 fuerit?
927 1992 1021 2059 Alius
1053 2016 1087 2060 se
1117 2018 1136 2060 a

116 2086 270 2151 continuo
289 2086 412 2170 labore,
432 2086 492 2150 etsi
510 2107 576 2150 non
590 2083 730 2149 desidiae
745 2104 782 2148 ac
795 2083 1017 2168 voluptatibus
1033 2083 1136 2150 dedis·
1154 2106 1177 2146 rc

115 2181 173 2259 set,
188 2176 254 2241 otio
269 2179 378 2241 tamen
392 2179 425 2241 et
439 2176 546 2260 quiete
555 2177 736 2257 recreasset,
750 2173 804 2238 hic
815 2173 1038 2239 consularibus
1049 2175 1135 2240 curis

115 2266 280 2330 exsolutus
308 2266 502 2350 principales
530 2263 703 2348 resumpsit
726 2267 791 2328 tam
816 2263 953 2350 diligens
976 2266 1136 2349 tempere·

115 2355 230 2438 menti,
254 2358 291 2419 ut
313 2376 373 2420 nec
397 2354 538 2421 consulis
562 2354 707 2420 officium
730 2353 879 2438 princeps
897 2374 958 2419 nec
976 2353 1135 2438 principis

79 2459 94 2508 6
115 2446 228 2510 consul
246 2443 418 2528 adpeteret.
455 2444 623 2528 Videmus,
647 2447 684 2508 ut
701 2443 938 2527 provinciarum
958 2442 1134 2528 desideriis,

114 2537 150 2598 ut
164 2534 363 2619 singularum
378 2534 474 2598 etiam
490 2534 669 2599 civitatium
684 2532 831 2617 precibus
846 2535 999 2598 occurrat.
1032 2531 1135 2598 Nulla
1153 2552 1177 2592 ss

113 2625 148 2687 111
180 2622 337 2688 audiendo
371 2623 559 2707 difficultas,
590 2624 681 2688 nulla
713 2623 747 2687 in
777 2621 1000 2707 respondendo
1034 2643 1132 2688 mora.

115 2711 244 2778 Adeunt
258 2712 382 2796 statim,
403 2711 610 2777 dimittuntur
624 2713 750 2797 statim,
768 2712 961 2795 tandemque
976 2711 1133 2796 principis

58 2798 197 2869 8010111
221 2803 351 2868 exclusa
372 2802 571 2887 legationum
595 2802 690 2867 turba
712 2824 778 2867 non
803 2802 934 2868 obsidet.
968 2799 1074 2877 Quid?
1097 2801 1132 2866 in

114 2891 263 2957 omnibus
282 2890 522 2978 cognitionibus
542 2913 639 2976 quam
653 2891 742 2957 mitis
761 2893 926 2974 severitas,
950 2911 1047 2974 quam
1064 2913 1132 2956 non

184 3057 200 3105 8
219 3051 317 3106 adesse
335 3051 417 3121 culp,
436 3065 496 3104 esse
516 3050 546 3117 0,
560 3052 720 3119 Boroecque
734 3066 763 3118 p.
778 3053 836 3105 255
849 3057 876 3105 et
888 3053 951 3105 233.
1025 3054 1059 3103 14
1078 3065 1131 3104 nec

111 3123 234 3192 poterit?
261 3124 299 3177 K.
323 3140 337 3178 e
359 3123 423 3178 dett.
442 3122 519 3177 codd.
542 3153 579 3163 —
603 3122 658 3177 erit
682 3121 746 3176 add.
768 3122 858 3189 Ilipa,
884 3121 995 3188 Baete,
1021 3121 1130 3188 Mucii,

112 3195 272 3264 Bornecque
285 3212 315 3263 p.
330 3199 385 3250 207
400 3200 426 3250 et
438 3197 500 3248 233.
516 3225 549 3235 —
564 3194 632 3264 piet.
648 3195 722 3247 certe
737 3209 794 3246 sen.
810 3193 847 3258 R,
861 3194 962 3247 Bacbr.
1029 3192 1129 3246 181111-

111 3266 207 3321 becilli
226 3266 335 3335 ingenii
353 3266 390 3334 A,
409 3265 516 3333 Maeli,
535 3271 569 3331 cf.
581 3283 611 3334 p.
628 3268 735 3332 15,15;
752 3268 798 3331 83,
812 3268 847 3318 34
852 3284 862 3330 ;
881 3269 925 3332 91,
937 3268 975 3319 26
979 3285 990 3330 ;
1010 3267 1071 3330 106,
1085 3267 1129 3332 30,

111 3337 248 3393 imbecilli
262 3339 377 3408 ingenio
392 3339 504 3405 Baebr,
521 3335 664 3391 imbecillo
686 3335 800 3405 ingenio
815 3336 863 3403 K,
881 3334 1020 3402 imbecili,
1039 3335 1129 3388 modi-

108 3410 189 3478 cello,
204 3409 351 3476 modicilli,
366 3408 481 3464 indocili
494 3410 553 3464 rell.
566 3410 644 3465 codd.
718 3413 751 3461 19
766 3407 839 3461 alius
851 3439 885 3447 —
900 3412 937 3463 20
951 3407 1004 3461 etsi
1018 3423 1075 3461 non
1089 3408 1126 3474 R,

90 3481 135 3535 K
141 3484 192 3538 Il
198 3483 274 3552 abac
289 3483 411 3542 Haleso.
422 3500 454 3557 p.
469 3482 540 3554 IX),
559 3482 672 3550 Baebr,
692 3480 799 3548 Mucii,
817 3479 889 3533 alius
903 3478 1013 3533 labores
1033 3479 1056 3532 si
1071 3495 1127 3532 non

77 3557 222 3612 continuo
249 3574 282 3614 se
310 3559 364 3618 cul
427 3559 462 3631 cf.
486 3559 654 3631 Boruecqce
679 3571 709 3627 p.
726 3557 781 3611 211
804 3559 828 3608 et
852 3555 915 3606 233.
937 3581 971 3590 -
989 3549 1132 3615 uolumen

380 3603 398 3632 ¹!

60 3619 106 3675 K
113 3628 146 3695 l}
161 3630 289 3704 Baete,
314 3654 349 3694 vo
362 3634 527 3695 nntatibus
547 3636 588 3708 R,
607 3628 812 3704 voluptatibus
833 3625 873 3681 K.
887 3624 933 3688 11,
951 3618 1051 3671 Muell-

675 3796 789 3822 *-
