2400 3862
98 185 161 250 108
381 227 386 239 .
532 182 560 236 e.
579 180 678 235 mnu

97 349 254 430 quantum
277 348 372 428 putas
396 345 499 410 inesse
523 345 563 409 iis
586 344 718 430 gratiae,
748 365 829 427 quae
859 343 940 408 mihi
971 348 1004 408 et
1034 367 1053 407 a
1085 348 1117 409 te

96 440 128 500 et
152 433 269 500 Graece
293 434 513 518 proferuntur!
560 433 650 500 Vale.

571 616 650 676 XIX.

186 744 217 795 Ο.
235 743 383 795 PLINIUS
403 743 637 795 CALPURNIAE
655 744 865 794 HISPULLAE
885 743 979 795 SUAE
1000 744 1027 794 S.

61 880 74 925 1
157 860 238 926 Cum
271 863 315 926 sis
347 861 477 946 pietatis
510 861 694 945 exemplum
726 861 924 944 fratremque
957 863 1150 944 optImuma

96 955 129 1015 et
152 951 408 1015 amantissimum
432 951 481 1014 tui
510 951 582 1034 pari
609 951 742 1032 caritate
772 950 921 1015 dilexeris
951 949 1117 1032 filiamque

95 1041 163 1104 eius
186 1044 225 1105 ut
246 1043 336 1103 tuam
360 1040 476 1126 diligas
498 1061 559 1105 nec
585 1043 712 1104 tantum
740 1040 857 1104 amitae
886 1040 915 1104 ei
947 1039 1117 1121 adfectum,

95 1152 207 1194 verum
240 1130 337 1193 etiam
364 1129 467 1212 patris
494 1129 605 1194 amissi
641 1133 872 1213 repraesentes,
904 1150 972 1193 non
1004 1128 1117 1192 dubito

95 1219 236 1282 maximo
270 1217 330 1281 tibi
362 1219 480 1304 gaudio
513 1218 599 1302 fore,
641 1240 714 1283 cum
754 1219 944 1304 cognoveris
987 1218 1117 1304 dignam

59 1323 74 1370 2
95 1311 195 1392 patre,
218 1307 349 1393 dignam
373 1311 418 1390 te,
442 1307 575 1393 dignam
598 1329 658 1372 avc
683 1308 824 1387 evadere.
871 1305 1040 1371 Summum
1069 1310 1118 1370 est
1137 1336 1164 1375 rc

95 1418 243 1480 acumen,
267 1417 393 1461 summa
415 1397 601 1481 frugalitas,
633 1400 720 1460 amat
748 1419 813 1477 me,
841 1396 928 1480 quod
960 1396 1118 1460 castitatis

95 1486 250 1551 indicium
275 1489 331 1550 est.
384 1484 520 1551 Accedit
550 1486 601 1550 his
625 1485 769 1550 studium
800 1486 997 1568 litterarum,
1031 1485 1118 1568 quod

59 1590 75 1638 3
95 1598 135 1639 ex
158 1575 221 1639 mei
240 1574 373 1639 caritate
397 1575 553 1658 concepit.
599 1574 689 1639 Meos
712 1575 839 1639 libellos
862 1575 971 1657 habet,
983 1575 1120 1656 lectitat,

95 1664 209 1729 ediscit
232 1665 337 1728 etiam.
385 1663 455 1740 Qua
477 1664 535 1728 illa
553 1664 785 1747 sollicItudine,
809 1685 883 1728 cum
900 1664 1013 1728 videor
1031 1667 1119 1727 actu·

58 1836 61 1843 Ι
95 1775 163 1834 rus,
188 1758 324 1836 quanto,
348 1775 422 1818 cum
441 1753 507 1838 egi,
530 1753 648 1839 gaudio
668 1753 830 1817 adficitur!
875 1753 1042 1836 Disponit,
1063 1753 1120 1835 qui
1140 1779 1164 1820 rs

95 1842 247 1907 nuntient
261 1843 337 1925 sibi,
352 1864 448 1926 quem
463 1842 647 1926 adsensum,
662 1864 743 1926 quos
765 1842 921 1907 clamores
942 1841 1119 1923 excitarim,

96 1953 192 2014 quem
216 1936 368 1996 eventum
391 1931 502 1996 iudicii
525 1931 663 1996 tulerim.
709 1931 841 2014 Eadem,
865 1932 892 1995 si
916 1930 1044 2014 quando
1068 1953 1119 1994 re-

96 2022 175 2103 cito,
198 2021 233 2084 in
255 2021 403 2104 proximo
428 2021 567 2085 discreta
589 2023 661 2085 velo
686 2020 775 2084 sedet
792 2020 968 2103 laudesque
991 2023 1119 2084 nostras

59 2125 76 2172 4
95 2109 289 2174 avidissimis
314 2110 445 2174 auribus
470 2109 598 2193 excipit.
644 2109 766 2174 Versus
782 2109 912 2194 quidem
931 2131 1021 2174 meos
1045 2130 1119 2173 can-

95 2203 144 2262 tat
164 2198 260 2263 etiam
281 2198 463 2281 formatque
479 2199 602 2263 cithara
615 2220 683 2263 non
701 2199 824 2263 artifice
839 2199 948 2282 aliquo
974 2199 1119 2280 docente,
1138 2226 1164 2265 20

59 2288 151 2351 seed
175 2308 299 2370 amore,
325 2287 380 2372 qui
404 2288 557 2373 magister
580 2291 628 2352 est
652 2289 804 2371 optimus.
852 2287 913 2352 His
944 2310 984 2352 ex
1014 2289 1120 2352 causis

96 2377 131 2439 in
163 2399 252 2460 spem
286 2377 498 2442 certissimam
530 2377 672 2442 adducor
708 2381 898 2461 perpetuam
930 2377 1023 2442 nobis
1054 2399 1121 2440 ma-

95 2465 260 2549 ioremque
284 2467 318 2530 in
337 2466 403 2531 dies
422 2466 564 2530 futuram
585 2488 653 2530 esse
673 2467 887 2531 concordiam.
932 2465 1010 2530 Non
1033 2465 1120 2529 enirn

96 2558 233 2619 aetatem
257 2578 361 2619 meam
385 2559 441 2619 aut
464 2577 595 2638 corpus,
619 2577 701 2639 quae
724 2557 882 2640 paulatIm
907 2556 1059 2620 occidunt
1082 2577 1120 2618 ac

61 2648 280 2727 ssenescunt,
304 2645 358 2708 sed
382 2645 519 2730 gloriam
551 2643 666 2731 diligit.
712 2643 782 2709 Nec
812 2645 900 2708 aliud
931 2645 1022 2709 decet
1052 2644 1118 2707 tuis
1138 2671 1164 2712 as

14 2735 16 2738 ’
96 2734 244 2798 manibus
278 2735 462 2816 educatam,
501 2734 565 2797 tuis
601 2735 781 2817 praeceptis
812 2733 1008 2816 institutam,
1039 2754 1122 2816 quae

95 2822 179 2886 nihil
193 2823 235 2904 ,in
266 2823 477 2887 contubernio
510 2828 567 2888 tuo
600 2823 717 2887 viderit
749 2823 809 2887 nisi
844 2827 991 2887 sanctum
1022 2822 1122 2886 hone·

97 2915 262 2995 stumque,
277 2934 358 2995 quae
374 2912 511 2996 denique
535 2934 641 2976 amare
665 2934 716 2976 me
740 2934 779 2975 ex
802 2917 859 2976 tua
881 2911 1122 2995 praedicatione

62 3001 307 3065 iconeueverit.
353 3001 454 3084 Nam,
477 3024 551 3066 cum
575 3006 711 3066 matrem
741 3023 845 3065 meam
869 3003 1011 3084 parentis
1044 3001 1119 3065 loco

96 3111 256 3172 vererere,
273 3112 331 3154 ,me
354 3114 373 3154 a
396 3091 535 3174 pueritia
549 3091 659 3154 statim
678 3090 830 3174 formare,
852 3090 984 3154 laudare
1007 3090 1120 3154 talem·
1139 3116 1164 3155 eo

169 3287 182 3332 1
198 3280 269 3333 mihi
284 3283 376 3352 RFp,
392 3284 500 3349 Oetae,
517 3283 586 3349 otto,
601 3300 651 3338 cm.
663 3285 702 3337 M
706 3285 805 3350 Vras,
816 3283 864 3350 K„
875 3298 931 3351 qua
946 3298 980 3336 ea
994 3285 1071 3337 etate
1082 3284 1119 3337 D.

95 3358 112 3405 4
132 3351 302 3419 Calpurniae
316 3371 351 3407 ea:
364 3355 400 3408 R.
475 3360 490 3407 ‘1
506 3354 650 3407 adfectum
665 3353 766 3424 (effect.
782 3357 811 3423 a)
823 3371 904 3410 versu
917 3359 1010 3422 &poet
1024 3355 1120 3406 amissi

88 3425 377 3493 mmmm,
392 3426 501 3490 Mucii„
516 3427 604 3480 Mers.
677 3431 711 3479 30
730 3441 861 3479 venerere
875 3441 920 3478 me
931 3442 1008 3493 pra,
1024 3441 1120 3479 verere

69 3504 122 3540 1116
132 3493 176 3557 D,
200 3496 346 3550 venereris
364 3513 411 3552 me
425 3497 499 3566 BF,
519 3495 653 3553 dilexeris
669 3513 771 3566 meque
791 3499 829 3552 M
837 3499 867 3564 V,
887 3495 1018 3550 dilexeris
1033 3514 1078 3549 me
1091 3509 1119 3549 ςι

56 3555 98 3617 0ss
105 3574 220 3630 panea.
239 3571 287 3635 14,
302 3574 325 3623 1
342 3587 490 3628 mererere
510 3571 651 3646 (Stangl).
