2400 3862
96 143 167 258 ⁴274¹
190 155 193 160 ’
411 188 446 245 c.
461 189 561 244 PLINI
579 189 626 244 nr
645 189 800 244 rantur

495 359 575 418 xm.
600 356 719 436 [xxx]

294 483 325 537 C.
339 485 487 537 PLINIUS
506 485 667 537 TRAIANO
686 485 926 537 IMPERATORI.

64 604 76 650 1
165 585 274 672 Rogo,
288 585 431 670 domine,
446 585 581 652 consilio
597 607 648 651 me
661 607 754 672 regas
768 586 995 671 haesitantem,
1009 591 1134 664 utrum,

99 699 157 760 per
170 676 317 760 publicos
333 675 501 740 civitatum
515 697 639 759 servos,
653 675 739 758 quod
753 697 856 760 usque
870 676 975 741 adhuc
988 677 1123 760 factum,

99 788 140 829 an
171 787 229 848 per
261 765 380 829 milites
412 765 580 829 adservare
596 826 598 828 .
613 764 775 830 custodias
808 765 950 830 debeam.
997 766 1155 831 Vereora

99 854 198 935 enim,
220 876 261 918 ne
285 857 317 918 et
331 875 397 938 par
420 874 528 918 servos
552 853 701 937 publicos
724 875 839 938 parum
857 854 996 920 fideliter
1015 859 1122 921 custo-

98 944 241 1026 diantur,
264 946 296 1007 et
318 964 385 1007 non
399 943 561 1028 'exiguum
585 943 726 1007 militum
749 964 919 1008 numerum
942 944 1021 1010 haec
1044 966 1123 1010 cura

63 1049 79 1096 a
99 1032 281 1117 distringat
326 1029 461 1096 Interim
488 1031 628 1116 publicis
657 1032 757 1097 servis
780 1055 900 1117 paucos
924 1033 1043 1098 milites
1067 1033 1122 1098 ad-

99 1121 174 1186 didi.
222 1120 323 1186 Video
346 1125 456 1185 tamen
478 1115 658 1205 periculum
681 1143 763 1205 esse,
785 1145 826 1187 ne
844 1121 877 1186 id
896 1122 1003 1206 ipsum
1026 1124 1123 1188 utris·

99 1233 161 1295 que
183 1210 407 1296 neglegentiae
440 1231 536 1275 causa
566 1211 622 1294 sit,
652 1209 728 1275 dum
758 1232 962 1276 communem
991 1213 1122 1296 culpam
1143 1229 1169 1270 ιο

98 1300 134 1364 hi
156 1301 191 1364 in
210 1301 299 1383 illos,
321 1300 371 1363 illi
393 1300 428 1363 in
450 1299 511 1364 hos
534 1321 680 1384 regerere
704 1321 799 1384 posse
822 1300 998 1365 confidunt.

497 1465 560 1524 xx.
586 1461 720 1542 [xxm]

442 1591 625 1642 TRAIANUS
643 1592 781 1645 PLINIO.

164 1691 257 1756 Nihil
281 1712 362 1774 opus
381 1695 443 1774 est,
466 1690 511 1755 mi
531 1690 676 1756 Secunde
695 1690 873 1776 carissime,
895 1693 935 1756 ad
954 1692 1122 1757 continen-

98 1782 154 1845 das
179 1780 341 1846 custodias
369 1781 478 1863 plures
506 1780 743 1846 commilitones
772 1781 925 1846 converti.
971 1781 1166 1847 Peraeae-1⁶

98 1891 204 1935 remus
228 1871 263 1933 in
286 1891 323 1933 ea
347 1869 592 1952 consuetudine,
615 1891 697 1953 quae
721 1870 776 1934 isti
794 1870 979 1953 provinciae
999 1874 1061 1953 est,
1084 1876 1122 1936 ut

98 1982 156 2043 per
178 1959 327 2043 publicos
350 1980 459 2023 servos
480 1958 710 2028 custodiantur.
755 1959 899 2042 Etenim,
921 1964 959 2023 ut
982 1958 1122 2025 fideliter

97 2049 161 2115 hoc
183 2049 318 2132 faciant,
341 2049 451 2113 intua
469 2048 638 2112 severitate
657 2070 694 2112 ao
713 2047 882 2133 diligentia
899 2050 1043 2132 positum
1063 2055 1121 2113 est.

97 2137 267 2222 Inprimis
286 2137 387 2222 enim,
406 2138 489 2202 sicut
502 2137 630 2219 scribis,
648 2136 823 2201 verendum
842 2141 904 2221 est,
926 2160 981 2222 nc,
1004 2138 1032 2203 si
1050 2161 1122 2222 per·

98 2229 293 2293 misceantur
316 2227 415 2292 servis
439 2225 577 2311 publicis
596 2226 731 2310 milites,
753 2229 867 2291 mutua
885 2228 969 2292 inter
988 2249 1021 2292 se
1039 2227 1121 2291 fidu·
1140 2246 1165 2285 2⁰

99 2318 148 2381 cia
179 2317 436 2402 neglegentiores
469 2315 547 2399 sint3
589 2314 644 2380 scd
677 2318 710 2380 et
741 2315 822 2380 illud
854 2316 984 2381 haereat
1015 2316 1121 2401 nobis,

100 2428 196 2489 quam
219 2405 430 2489 paucissimos
454 2405 573 2469 milites
597 2427 616 2469 a
640 2404 741 2490 signis
766 2405 946 2471 avocandos
970 2427 1046 2470 esse.

468 2571 560 2661 ‚xm
585 2568 735 2647 [mna
842 2564 844 2569 ·

294 2697 325 2748 0.
339 2697 488 2748 PLINIUS
508 2697 668 2749 TRAIANO
688 2697 929 2748 ΙΜΡΕΒΑΤΟΒΙ.

48 2798 51 2803 ’
162 2797 281 2864 Gavius
314 2795 447 2879 Bassus,
486 2797 677 2880 praefectus¹
701 2820 775 2861 orae
807 2795 975 2880 Ponticae,
1007 2800 1040 2860 et
1071 2819 1119 2861 re·
1139 2815 1165 2856 aa

98 2888 319 2953 versutissime
343 2890 375 2950 et
398 2885 648 2969 officiosissime,
671 2886 814 2967 domine,
836 2887 926 2948 venit
948 2887 988 2950 ad
1011 2907 1063 2949 me
1087 2891 1120 2951 at

99 2977 318 3061 compluribus
349 2975 460 3039 diebus
489 2974 553 3039 fuit
583 2992 723 3058 mecum,
755 2977 912 3057 quantum
937 2975 1120 3059 perspicere

97 3067 205 3149 potui,
228 3067 278 3129 vir
296 3064 444 3150 egregius
464 3068 496 3127 et
515 3064 716 3149 indulgentia
734 3067 791 3127 tua
810 3064 936 3149 dignus.
979 3062 1038 3129 Cui
1057 3087 1119 3150 ego

97 3159 212 3219 notum
241 3155 302 3219 feci
332 3154 531 3237 praecepisse
561 3158 608 3235 te,
638 3157 675 3216 ut
702 3175 742 3217 ex
770 3153 971 3236 cohortibus,
1001 3154 1120 3236 quibus

97 3266 148 3307 me
163 3266 309 3327 praeesse
327 3243 473 3325 voluisti,
492 3245 661 3307 contentus
676 3244 761 3307 esset
775 3243 985 3307 beneficiariis
1001 3243 1121 3326 decem,
1139 3261 1166 3301 sc

98 3333 259 3415 equitibus
284 3331 423 3414 duobus,
446 3331 633 3395 centurione
651 3352 725 3395 uno.
772 3331 952 3415 Respondit
969 3353 1036 3396 non
1054 3332 1119 3395 suf-

155 3513 193 3559 11
208 3523 313 3576 regere
331 3525 358 3576 a,
377 3522 509 3579 regerere
524 3505 597 3580 (se)
611 3523 639 3575 p.
656 3507 753 3561 Maeli.
827 3513 862 3560 25
882 3506 988 3560 Gabius
1002 3523 1030 3573 a,
1045 3507 1120 3576 K.I,

65 3573 172 3643 Hasd,
193 3579 262 3634 rtem
276 3596 308 3648 p.
325 3584 393 3650 275,
414 3587 478 3639 cet
496 3580 580 3652 infra
599 3579 636 3636 cd
660 3580 738 3636 Trai.
752 3583 814 3635 Sta
833 3582 904 3648 (18).
