2386 3840
105 155 148 220 28
542 150 572 207 c.
591 150 689 205 Pnuu

106 315 182 379 deus
206 313 327 378 adnuat
349 314 542 398 tandemque
570 337 621 378 me
644 314 705 379 hac
728 313 946 378 sollicitudine
967 317 1132 395 exsolvat3

106 426 170 486 qua
196 403 351 468 liberatus
375 402 607 468 Laurentinum
635 425 757 486 meum,
784 405 847 468 hoc
869 407 919 467 cst
941 403 1080 471 libellos
1104 411 1133 470 et

105 490 1021 667 lldlfgsefflll{lllfltffrnbiflnllf
1033 517 1133 648 nli

53 685 86 734 12
105 671 192 735 libet.
230 670 354 753 Habes,
377 671 454 754 quid
472 670 616 755 timeam,
640 670 718 755 quid
737 674 860 755 optem,
878 670 955 754 quid
976 671 1082 737 etiam
1101 673 1155 737 ins

105 764 271 845 posterum
287 759 456 824 destinam:
474 763 511 824 tu
530 758 607 843 qnid
622 760 734 844 egeris,
752 760 830 844 quid
849 780 936 846 agas,
954 761 1037 843 quid
1053 762 1134 827 velis

106 871 214 935 agere,
242 848 379 914 invicem
406 848 514 932 nobis,
542 848 597 913 sed
625 848 812 913 laetioribus
840 849 988 932 epistulis
1018 851 1133 916 scribe.

105 939 178 1002 Erit
196 937 379 1003 confusioni
397 959 486 1003 meae
504 959 571 1002 nou
589 937 749 1002 mediocre
767 938 933 1021 solacium,
951 939 1035 1004 situ
1049 939 1134 1004 nihil

107 1026 256 1111 quereris.
302 1026 391 1091 Vale.

559 1155 669 1215 XXIII„
1146 1181 1162 1220 s

273 1266 303 1316 C.
319 1265 467 1316 PLINIUS
486 1265 650 1315 POMPEIO
669 1264 829 1316 FALCONI
848 1265 916 1316 SUO
937 1265 965 1316 S.

72 1380 85 1426 1
165 1365 326 1447 Consulis,
350 1387 391 1429 an
409 1364 589 1430 existimem
613 1368 644 1428 te
663 1365 696 1428 in
715 1364 882 1430 tribunatu
898 1386 1011 1429 causas
1037 1388 1134 1454 agere

107 1454 228 1519 debere.
273 1454 453 1518 Plurimum
476 1453 586 1535 refert,
610 1452 688 1536 quid
711 1475 779 1518 esse
801 1454 1001 1518 tribunatum
1026 1461 1133 1540 putes,

106 1543 233 1606 inanem
258 1543 405 1606 umbram
429 1545 461 1605 et
484 1543 552 1606 sine
574 1542 697 1606 honore
719 1564 838 1607 nomen
864 1565 906 1607 an
934 1547 1132 1627 potestatem

107 1635 355 1711 sacrosanctam,
380 1633 411 1693 et
435 1652 530 1713 quam
554 1631 589 1694 in
607 1630 751 1696 ordinem
770 1631 842 1717 cogi
865 1635 902 1696 ut
926 1634 1061 1698 anullo
1087 1635 1165 1701 itus

72 1736 147 1784 une
178 1743 196 1783 a
226 1742 259 1784 se
291 1719 420 1802 quidem
453 1719 570 1783 deceat.
624 1719 698 1804 Ipse
729 1742 802 1784 oum
834 1722 982 1785 tribunus
1015 1744 1132 1808 essem,

107 1810 278 1873 erraverim
306 1809 456 1889 fortasse,
484 1809 540 1891 qui
567 1831 618 1872 me
646 1830 714 1873 esse
747 1810 869 1893 aliquid
902 1811 1028 1894 putavi,
1065 1812 1132 1896 sed,

107 1903 272 1982 tamquam
291 1918 407 1980 essem,
426 1898 566 1961 abstinui
581 1899 684 1962 causis
703 1898 848 1983 agendis:
867 1901 1022 1983 primum,
1042 1903 1132 1984 quod

108 1987 249 2052 deforme
268 1986 457 2069 arbitrabar,
481 1987 533 2051 aui
556 1985 740 2074 adsurgere,
763 1988 816 2051 eui
838 1989 910 2052 loeo
929 1989 1041 2053 cedere
1061 2011 1133 2055 om-

107 2077 157 2141 nis
182 2080 354 2161 oporteret,
376 2077 463 2140 hunc
487 2076 637 2140 omnibus
661 2076 844 2141 sedentibus
874 2081 972 2161 stare,
999 2081 1046 2161 et,
1074 2081 1132 2164 qui
1148 2105 1168 2145 su

108 2165 216 2229 iubere
257 2169 367 2249 posset
406 2169 512 2230 tacere
554 2186 800 2249 quemcumque,
846 2166 922 2231 huic
963 2167 1133 2233 silentium

109 2254 276 2338 clepsydra
299 2254 409 2337 indici,
433 2259 479 2334 et,
507 2275 601 2337 quem
630 2254 775 2318 interfari
804 2255 894 2319 nefas
917 2260 1014 2338 esset,
1042 2256 1133 2323 hunc

109 2344 205 2406 ctiam
229 2344 374 2407 convicia
397 2342 506 2406 audire
530 2348 575 2425 et,
599 2344 626 2405 si
654 2343 757 2407 inulta
779 2347 955 2427 pateretur,
984 2345 1133 2430 inertem,

73 2433 136 2503 esi
168 2432 388 2513 ulcisceretur,
421 2433 612 2496 insolentem
644 2432 753 2496 videri.
806 2433 886 2496 Erat
916 2433 971 2498 hic
999 2455 1132 2519 quoque

108 2525 215 2585 aestus
238 2523 313 2584 ante
336 2522 462 2603 oculos,
487 2522 513 2584 si
536 2521 619 2586 forte
638 2544 689 2585 me
708 2522 901 2606 appellasset
923 2524 976 2587 vel
989 2523 1056 2604 illc,
1078 2525 1133 2590 cui
1149 2549 1171 2591 ss

109 2610 264 2692 adessem,
279 2610 331 2673 vel
343 2610 412 2692 ille,
432 2630 526 2692 quem
545 2615 668 2694 contra,
684 2610 911 2676 intercederem
927 2616 959 2676 et
972 2612 1132 2678 auxilium

108 2699 223 2763 ferrem
247 2721 289 2763 an
317 2699 512 2780 quiescerem
536 2701 725 2784 sileremque
749 2704 781 2764 et
804 2701 895 2783 quasi
918 2702 1041 2765 eiurato
1066 2725 1132 2768 ma·

73 2789 246 2873 igistratu
278 2787 440 2871 privatum
473 2788 542 2871 ipse
574 2811 625 2852 me
657 2790 803 2854 facerem.
857 2789 917 2853 His
949 2791 1132 2858 rationibus

110 2881 216 2940 motus
251 2877 350 2940 malui
382 2898 433 2940 me
465 2876 630 2940 tribunum
664 2878 812 2943 omnibus
845 2877 995 2943 exhibere
1032 2900 1131 2962 quam

74 2967 219 3049 spaucis
241 2965 442 3029 advocatum.
490 2963 552 3030 Sed
579 2971 616 3030 tu
645 2964 777 3051 (iterum
806 2965 923 3052 dicam)
953 2968 1131 3052 plurimum
1150 2996 1174 3036 ac

109 3057 242 3119 interest
266 3054 343 3136 quid
370 3076 438 3118 esse
466 3054 664 3119 tribunatum
694 3060 803 3139 putes,
834 3078 929 3139 quam
959 3078 1132 3141 personam

109 3145 169 3208 tibi
196 3144 358 3227 imponas3
388 3165 469 3225 quae
502 3145 638 3226 sapienti
665 3145 735 3209 viro
764 3146 809 3208 ita
836 3147 976 3229 aptanda
1003 3150 1064 3231 est,
1093 3154 1132 3213 ut

108 3233 294 3317 perferatur.
341 3231 430 3296 Vale.

182 3396 196 3443 7
213 3389 357 3459 scripseris
372 3388 529 3443 confusioni
543 3389 615 3456 RF,
637 3390 705 3445 Otto.
775 3396 807 3442 17
823 3391 872 3459 qni
886 3408 931 3445 me
946 3408 1006 3446 esse
1021 3392 1132 3462 aliquid

109 3462 243 3531 (aliquem
261 3464 289 3531 a)
313 3462 382 3527 lca,
406 3462 455 3530 qui
477 3478 521 3514 ms
547 3460 657 3528 aliquid
681 3462 710 3516 F
716 3475 777 3530 pe,
799 3462 914 3529 aliquid
936 3467 1000 3528 tore,
1018 3465 1072 3526 uui
1088 3482 1139 3516 me

100 3537 174 3600 cesta)
189 3535 236 3587 M
236 3535 266 3588 V.
340 3538 375 3587 23
393 3532 489 3588 inulta
509 3533 576 3603 Ra,
597 3533 693 3588 multa
710 3534 773 3589 rell.
