2400 3862
86 215 152 282 306
404 210 432 268 o.
452 211 551 268 rnuu
568 212 616 268 uu
635 212 788 269 eunoun

500 381 560 444 XO.
627 382 674 445 ol.

281 491 312 543 o.
327 491 475 544 Pumms
495 380 654 545 Tnmlxito
673 381 910 545 ΞΜΡΕΒΑΤΟΒΙ.

51 615 66 665 1
155 591 362 679 Sinopenses,
385 592 527 678 domine,
549 615 633 678 aqua
655 593 1114 680 deficiuntu13quaevidetur

87 689 119 751 et
147 684 233 749 bona
265 686 297 747 et
329 681 461 768 copiosa
492 683 531 748 eb
564 689 655 749 sexto
688 685 812 749 decimo
842 684 981 749 miliario
1012 707 1114 770 posse

86 773 226 861 perduci.
277 772 338 838 Est
364 776 473 838 tamen
500 774 610 839 statim
638 773 677 839 ab
706 775 811 859 capite
841 774 938 859 paulo
967 776 1143 860 ampliuss

87 865 175 930 mille
197 862 345 948 passibus
372 863 463 928 locus
496 867 663 947 suspectus
696 868 728 930 et
759 864 883 948 mollis,
916 886 1013 948 quem
1049 887 1112 953 ego

86 953 215 1019 interim
241 952 401 1036 explorari
428 953 555 1019 modico
583 953 747 1039 impendio
774 953 868 1038 iussi,
895 976 936 1018 au
964 955 1113 1040 recipere

51 1047 120 1113 eet
152 1041 308 1108 sustinere
340 1063 422 1128 opus
454 1043 565 1127 possit
620 1042 762 1109 Pecunia
794 1044 979 1109 curantibus
1012 1045 1111 1112 nobis

87 1136 251 1199 contracta
274 1154 341 1197 non
365 1132 478 1216 deerit,
501 1132 529 1197 si
551 1137 601 1217 tu,
626 1133 766 1218 domine,
789 1133 852 1199 hoc
875 1154 976 1220 genus
1001 1135 1110 1218 operis

87 1227 120 1290 et
143 1221 325 1289 salubritati
348 1225 380 1287 et
403 1223 591 1288 amoenitati
614 1223 707 1288 valde
730 1223 867 1288 sitientis
892 1223 1039 1289 coloniae
1063 1225 1111 1290 in-
1128 1243 1153 1284 ιο

87 1313 231 1379 dulseris.

487 1405 564 1467 x01.
588 1404 706 1484 [XOH]

432 1515 613 1568 TRAIANUS
631 1516 767 1568 PLINIO.
803 1576 805 1580 λ

154 1614 200 1682 Ut
223 1615 371 1699 coepisti,
396 1613 541 1680 Secunde
564 1614 741 1698 carissime,
769 1617 902 1702 explora
929 1616 1112 1704 diligenter,

88 1730 129 1771 an
151 1706 241 1771 locus
265 1705 337 1789 ille,
366 1726 462 1788 quem
490 1708 674 1788 suspectum
702 1705 814 1789 hebes,
841 1706 997 1771 sustinere
1026 1728 1110 1792 opus
1129 1725 1151 1769 u

88 1817 189 1881 equae
218 1794 333 1860 ductus
361 1793 471 1876 possit.
517 1792 630 1878 Neque
661 1796 745 1860 enim
777 1795 988 1861 dubitandum
1017 1801 1111 1883 puto,

88 1886 168 1971 quin
190 1907 274 1970 aqua
295 1882 499 1969 perducenda
522 1882 621 1949 sitin
649 1885 809 1950 coloniam
833 1883 1055 1972 Sinopensem,
1083 1887 1111 1953 si

87 1976 183 2042 modo
208 1978 240 2040 st
266 1971 389 2038 viribus
417 1972 483 2037 suis
514 1973 646 2056 adsequi
675 1977 797 2060 potest,
828 1996 901 2040 cum
930 1976 1110 2060 plurimum

88 2088 125 2132 ea
147 2087 197 2132 res
221 2069 253 2130 et
275 2062 457 2130 salubritati
480 2066 512 2127 ct
534 2063 694 2146 voluptati
717 2064 785 2129 eius
809 2066 966 2130 collatura
989 2065 1041 2130 sit

469 2227 561 2289 nou.
587 2226 720 2308 [nour]
1127 2249 1152 2289 a

282 2340 313 2391 Ο.
327 2339 475 2391 PLINIUS
495 2339 655 2391 TRAIANO
674 2340 912 2392 IMPERATORI.

154 2441 382 2507 Amisenorum
417 2439 529 2506 civitas
558 2440 660 2506 libera
694 2446 727 2506 et
756 2440 919 2506 foederata
951 2440 1109 2509 beneficio

86 2530 304 2617 indulgentiae
333 2534 407 2595 tuae
436 2529 562 2615 legibus
590 2530 656 2595 suis
683 2530 795 2596 utitur.
840 2528 879 2594 In
906 2531 967 2596 hac
996 2530 1110 2597 datum

87 2621 168 2686 mihi
186 2622 333 2686 libellum
352 2620 392 2685 ad
411 2640 523 2685 aranos
542 2620 756 2705 pertinentem
774 2620 825 2685 his
841 2620 958 2686 litteris
977 2621 1109 2706 subieci,

86 2716 123 2776 ut
146 2716 196 2797 tu,
219 2710 361 2794 domins,
385 2710 571 2795 dispiceres,
600 2710 678 2794 quid
705 2713 738 2776 et
765 2714 922 2795 quatenus
953 2713 1010 2775 aut
1036 2732 1109 2795 per·
1127 2731 1152 2773 rs

87 2801 281 2866 mittendum
304 2804 360 2865 aut
381 2800 618 2886 prohibendum
640 2803 779 2885 putares.

461 2966 568 3028 nom.
594 2964 723 3044 [nora]

427 3077 608 3129 TRAIANUS
626 3075 762 3127 PLINIO.

153 3175 338 3261 Amisenos,
358 3199 495 3261 quorum
513 3177 658 3242 libellum
680 3175 836 3261 epistulae
854 3177 929 3239 tuae
949 3174 1111 3260 iunxeres,
1165 3245 1170 3258 ,

87 3265 115 3331 si
136 3266 263 3352 legibus
287 3266 438 3352 istorum,
468 3267 583 3351 quibus
614 3265 769 3331 beneficio
797 3264 935 3329 foederis
962 3266 1109 3349 utuntur,
1128 3287 1154 3328 u

157 3410 173 3460 6
197 3406 327 3476 passibus
350 3426 377 3477 a,
401 3407 475 3475 K.1,
499 3407 600 3475 Horti,
628 3422 680 3461 om.
700 3406 736 3472 A,
764 3421 897 3474 passuum
922 3403 991 3471 cae,
1015 3403 1108 3460 ΚΠ.

86 3481 119 3532 18
142 3476 173 3532 id
190 3479 241 3533 vir.
261 3480 331 3549 Oct,
350 3483 380 3535 et
401 3479 452 3533 vir.
471 3479 529 3533 suis
553 3480 617 3550 ipsa
641 3477 672 3531 id
695 3475 754 3530 eds.
774 3493 801 3544 a,
823 3476 887 3544 ipsa
905 3475 955 3530 vir.
973 3473 988 3530 ‚2
1007 3475 1108 3531 Maeli.

71 3553 110 3600 24
126 3550 204 3605 mibi
216 3551 337 3621 publice
355 3550 490 3615 libellum
508 3568 535 3619 o.
615 3553 649 3617 to
667 3547 788 3608 istorum
803 3549 888 3624 catu,
904 3547 1030 3619 ipsorum
1052 3547 1110 3616 ca,

54 3619 169 3691 Mada„
190 3623 300 3686 Muell.
