2400 3862
126 201 170 265 64
567 194 709 253 caum

93 362 265 431 cservitus
294 361 431 425 fecisset.
478 358 519 424 ‘A
546 359 610 424 fine
633 357 744 424 Aufidi
771 359 864 425 Bassi
887 360 1022 446 triginta
1044 359 1150 424 unus?
1192 382 1196 419 ι

129 450 282 515 ‘Naturae
305 450 513 514 historiarum
537 449 672 534 triginta
694 449 840 532 septem',
875 471 955 533 opus
987 449 1149 532 diffusum,
1193 468 1196 509 ῑ

94 561 108 608 ‘1
129 540 289 604 eruditum
312 559 371 603 nec
393 540 501 602 minus
515 539 640 602 varium
665 560 762 621 quam
776 539 847 622 ipsa
859 543 983 602 natura.
1011 538 1151 621 Miraris,
1194 580 1196 585 -

129 630 216 712 quod
242 632 293 692 tot
320 628 486 692 volumina
514 629 680 710 multaque
710 627 744 692 in
778 626 829 692 his
862 631 928 692 tam
959 628 1151 711 scrupulosa

128 719 226 782 homo
250 719 424 800 occupatus
448 717 637 797 absolverit,
659 718 762 802 magis
786 717 966 799 miraberis,
988 717 1016 780 si
1040 717 1182 782 scieriss

128 809 221 871 illum
241 807 428 889 aliquandiu
447 826 558 870 causas
578 806 741 881 actitasse,
761 805 933 871 decessisse
953 827 1037 870 anno
1058 810 1149 870 sexto

128 900 160 959 et
183 896 489 980 quinquagensimo,
517 895 659 959 medium
682 899 810 978 tempus
844 896 1018 960 distentum
1052 896 1150 978 impe·

128 987 294 1068 ditumque
318 1006 381 1067 qua
395 984 511 1048 officiis
536 984 684 1047 maximis
713 1005 777 1067 qua
800 985 942 1049 amicitia
964 984 1148 1067 principum

93 1075 238 1160 segisse.
286 1071 349 1138 Sed
379 1077 447 1138 erat
477 1094 549 1138 acre
573 1073 752 1158 ingenium,
782 1073 969 1138 incredibile
997 1074 1151 1155 studium,

129 1185 253 1227 summa
274 1164 451 1248 vigilantia.
498 1162 682 1227 Lucubrare
706 1161 937 1227 Vulcanalibus
965 1162 1149 1246 incipiebat,
1168 1182 1195 1225 ro

127 1275 194 1317 non
224 1252 412 1336 auspicandi
439 1273 549 1333 causa,
585 1252 640 1317 sed
673 1251 836 1334 studendi,
867 1251 977 1316 statim
1006 1275 1025 1315 a
1054 1257 1150 1317 nocte

128 1344 246 1424 multa,
276 1342 381 1406 hieme
411 1363 487 1406 vero
518 1341 557 1404 ab
581 1341 661 1405 hora
684 1341 820 1424 septima
843 1342 908 1424 vel,
940 1362 1012 1405 cum
1036 1341 1150 1405 tardis·
1193 1342 1196 1351 ⁴

129 1433 223 1512 sime,
242 1435 369 1512 octava,
392 1452 486 1513 saepe
505 1433 602 1494 sexta.
626 1429 706 1494 Erat
725 1451 801 1494 sane
820 1430 925 1494 somni
944 1431 1151 1514 paratissimi,

127 1542 193 1584 non
225 1533 401 1602 numquam
439 1520 535 1582 etiam
568 1520 653 1582 inter
684 1520 755 1602 ipsa
791 1519 898 1584 studia
928 1520 1080 1583 instantis
1119 1525 1152 1584 et

93 1632 108 1678 9
129 1610 310 1673 deserentis.
348 1607 434 1671 Ante
456 1608 561 1672 lucem
580 1608 648 1671 ibat
666 1609 705 1671 ad
724 1608 959 1692 Vespasianum
977 1610 1151 1692 imperato·
1170 1629 1195 1671 rs

127 1721 194 1761 rem
219 1696 308 1782 (nam
327 1698 381 1760 ille
401 1718 529 1779 quoque
549 1697 698 1760 noctibus
717 1696 897 1781 utebatur),
920 1697 993 1762 inde
1012 1699 1053 1762 ad
1067 1699 1152 1762 dele·

129 1792 240 1872 gatum
264 1786 326 1850 sibi
350 1785 502 1850 officium.
531 1784 690 1849 Reversus
710 1787 854 1870 domum,
879 1787 964 1869 quod
987 1787 1151 1871 reliquum

76 1897 109 1945 10
128 1875 299 1959 temporis,
327 1875 442 1939 studiis
465 1874 626 1939 reddebat.
658 1874 738 1940 Post
760 1876 867 1940 cibum
891 1875 1029 1961 [saepe],
1053 1898 1151 1960 quem

128 1965 268 2029 interdiu
276 1965 381 2038 leuem
396 1969 428 2028 et
441 1964 569 2029 facilem
583 1968 726 2028 veterum
747 1986 834 2028 more
849 1966 1005 2048 sumebat,
1019 1970 1153 2048 aestate,

129 2056 156 2119 si
180 2054 257 2138 quid
272 2054 345 2137 otii,
368 2054 494 2118 iacebat
508 2053 542 2116 in
561 2054 642 2135 sole,
664 2054 746 2118 liber
769 2054 949 2140 legebatur,
973 2055 1152 2120 adnotabat
1171 2076 1196 2117 ro

129 2145 391 2228 excerpebatque.
414 2142 508 2208 Nihil
531 2143 616 2207 enim
640 2143 729 2228 legit,
753 2144 839 2227 quod
862 2165 928 2208 non
951 2149 1152 2227 excerperet3

128 2234 231 2297 dicere
262 2234 358 2298 etiam
390 2234 514 2297 solebat
543 2233 669 2295 nullum
694 2253 762 2296 esse
785 2233 903 2296 librum
928 2236 995 2296 tam
1018 2232 1152 2314 malum,

76 2343 108 2390 11
128 2326 165 2386 ut
187 2344 253 2386 non
276 2323 385 2404 aliqua
407 2325 499 2405 parte
522 2321 696 2404 prodesset.
733 2320 812 2384 Post
835 2323 935 2386 solem
959 2323 1152 2407 plerumque

127 2411 245 2496 frigida
267 2412 449 2492 lavabatur,
476 2411 589 2475 deinde
618 2409 769 2494 gustabat
792 2409 1033 2494 dormiebatque
1057 2414 1152 2476 mini·

128 2522 230 2582 mum,
261 2521 337 2564 mox
367 2501 459 2582 quasi
489 2500 553 2564 alio
584 2499 635 2563 die
664 2500 813 2563 studebat
835 2500 869 2562 in
892 2521 989 2564 cenae
1012 2504 1195 2585 tempusa

129 2589 232 2674 Super
250 2590 333 2653 hanc
352 2589 434 2652 liber
447 2590 628 2674 legebatur,
647 2588 861 2653 adnotabatur
880 2593 912 2653 et
931 2590 1061 2673 quidem
1082 2612 1152 2655 cur·

76 2699 108 2747 12
128 2680 197 2743 sim.
230 2679 363 2744 Memini
386 2680 546 2761 quendam
570 2700 610 2742 ex
633 2679 752 2760 amicis,
776 2700 849 2743 cum
872 2679 974 2743 lector
993 2679 1152 2761 quaedam

128 2791 295 2852 perperam
325 2769 580 2851 pronuntiasset,
611 2789 779 2832 revocasse
811 2772 844 2831 et
866 2769 970 2851 repeti
993 2769 1151 2854 co‘e'gisse3

127 2860 203 2922 huic
236 2858 430 2921 avunculum
464 2879 571 2920 meum
605 2857 735 2921 dixisse:
769 2855 985 2921 ‘Intellexeras
1014 2858 1151 2941 nempe'.

129 2945 208 3010 Cum
223 2947 278 3010 ille
291 2946 468 3027 adnuisset,
494 2944 568 3009 ‘Cur
583 2967 658 3030 ergo
673 2945 868 3010 revocabas?
887 2947 995 3010 decem
1010 2948 1151 3031 amplius
1170 2968 1195 3008 so

76 3055 107 3102 13
127 3059 237 3099 versus
261 3037 322 3099 hac
345 3039 402 3098 tua
424 3036 682 3118 interpellatione
705 3036 923 3117 perdidimus'
956 3035 1060 3100 Tanta
1083 3042 1152 3101 erat

127 3125 324 3207 parsimonia
358 3124 521 3206 temporis.
569 3122 728 3209 Surgebat
765 3128 884 3188 aestate
915 3147 933 3188 a
961 3146 1041 3189 cena
1070 3126 1151 3208 luce,

126 3215 231 3277 hieme
261 3213 346 3277 intra
378 3213 516 3295 primam
541 3214 651 3278 'noctis
683 3216 715 3275 et
747 3215 911 3295 tamquam
940 3215 1049 3298 aliqua
1079 3216 1151 3300 lege

77 3321 110 3368 14
130 3307 272 3388 cogente.
304 3301 392 3366 Haec
416 3302 498 3366 inter
516 3301 638 3366 medios
657 3300 783 3365 labores
802 3302 954 3386 urbisque
972 3303 1152 3386 fremitum3

130 3394 163 3456 in
194 3413 319 3455 secessu
351 3391 456 3455 solum
486 3391 604 3455 balinei
634 3395 761 3474 tempus
794 3392 909 3455 studiis
937 3393 1150 3458 eximebatur:
1169 3410 1193 3452 ss

171 3581 235 3631 18⁴
245 3582 369 3656 [saepe]
388 3602 445 3656 epa.
525 3592 562 3642 34
582 3585 702 3644 fremitu
724 3585 751 3640 F
762 3587 806 3652 M,
822 3584 943 3638 tremitu
955 3585 993 3638 V.
