2400 3862
371 201 632 257 amsuumaou
649 201 675 255 v
695 200 804 256 ar-vr
823 207 848 255 a.
1053 190 1117 269 1215

352 479 383 530 0.
397 480 545 531 PLINIUS
564 479 725 531 ARRIANO
745 479 814 530 SUO
835 479 862 530 S.

159 579 255 645 Soleo
286 602 352 644 non
381 601 559 664 numquam
589 580 624 643 in
653 578 781 644 iudiciis
811 601 962 662 quaerere
992 577 1035 642 M.
1058 577 1149 645 Res

99 665 220 755 gulum,
243 671 320 735 nolo
340 669 426 734 enim
445 668 550 734 dicere
569 668 755 734 desiderare.
799 666 863 733 Gur
881 689 958 754 ergo
978 667 1119 752 quaero?

65 781 78 820 s
97 759 247 824 Habebat
271 758 386 824 studiis
409 758 579 840 honorem,
601 758 750 841 timebat,
772 758 928 841 pellebat,
951 757 1154 842 scribebat,2

99 849 244 931 quamvis
258 870 325 912 non
340 852 450 931 posset
464 848 612 912 ediscere.
652 846 737 911 lllud
750 847 869 930 ipsum,
887 847 974 930 quod
989 848 1118 911 oculum

97 938 192 1002 modo
213 938 372 1019 dextrum,
390 937 486 1001 modo
511 937 677 1002 sinistrum
691 936 943 1019 circumlinebat,
962 935 1120 1021 dextrum,

98 1028 124 1092 si
139 1049 157 1090 a
171 1027 318 1110 petitore,
337 1028 484 1109 alterum,
503 1026 531 1090 si
545 1048 564 1089 a
577 1047 761 1109 possessore
776 1029 860 1089 esset
874 1028 1012 1109 acturus,
1031 1026 1118 1109 quod

98 1116 270 1181 candidum
303 1115 463 1200 splenium
495 1115 530 1179 in
559 1115 622 1180 hoc
652 1118 708 1179 aut
737 1115 772 1178 in
798 1114 880 1179 illud
910 1115 1119 1198 supercilium

54 1222 81 1262 10
97 1204 323 1288 transferebat,
364 1205 451 1288 quod
483 1226 609 1288 semper
640 1204 826 1287 haruspices
860 1204 1049 1268 considebat
1080 1205 1119 1269 de

98 1295 234 1360 actionis
258 1298 387 1377 eventu,
411 1294 552 1358 animia
575 1292 817 1377 superstitione,
840 1292 896 1357 sed
914 1296 1024 1357 tamen
1046 1297 1079 1356 et
1100 1316 1121 1357 a

98 1405 217 1469 magno
242 1383 422 1452 studiorum
445 1384 569 1447 honore
588 1382 745 1447 veniebat.
791 1380 860 1446 Iam
884 1383 942 1446 illa
964 1398 1155 1466 perquams

99 1472 239 1538 iucunda
259 1496 324 1537 una
347 1472 541 1551 dicentibus,
569 1471 657 1554 quod
682 1471 785 1536 libera
812 1475 960 1555 tempora
982 1471 1120 1556 petebat,

99 1563 186 1645 quod
205 1562 371 1627 audituros
391 1560 590 1646 corrogabat.
623 1559 708 1637 Quid
727 1561 812 1625 enim
832 1561 1003 1625 iucundius
1023 1583 1120 1645 quam

56 1667 82 1708 1⁶
100 1652 159 1715 sub
183 1652 315 1716 alterius
338 1651 472 1734 invidia,
497 1671 594 1733 quam
613 1650 669 1713 diu
691 1650 782 1732 velis,
805 1650 890 1714 etin
908 1651 1012 1714 alieno
1031 1651 1120 1715 audi·

99 1740 183 1805 torio
216 1742 309 1824 quasi
342 1740 575 1823 deprehensum
613 1739 780 1804 commode
812 1739 938 1804 dicere?
976 1737 1039 1805 Sed
1071 1745 1156 1804 uta

100 1851 237 1913 eumque
262 1851 295 1894 se
318 1829 439 1893 habent
460 1829 537 1910 ista,
568 1828 648 1893 bene
671 1828 749 1893 fecit
771 1827 931 1914 Regulus,
961 1829 1047 1912 quod
1071 1833 1121 1894 est

100 1921 259 1983 mortuus:
298 1919 426 2001 melius,
465 1918 492 1982 si
520 1923 601 1983 ante.
647 1917 745 1983 Nunc
772 1917 858 1983 enim
886 1940 961 1983 sane
993 1922 1121 2002 poterat

100 2010 168 2072 sine
201 2009 286 2072 malo
316 2007 446 2091 publico
470 2007 580 2072 vivere
608 2007 667 2072 sub
699 2029 736 2072 eo
767 2007 929 2091 principe,
962 2007 1022 2071 sub
1056 2028 1120 2089 quo

54 2119 81 2159 ao
99 2118 214 2161 nocere
236 2119 304 2161 non
326 2099 461 2180 poterat.
507 2094 583 2161 Ideo
607 2097 656 2161 fas
685 2101 734 2161 est
756 2119 823 2161 non
845 2118 1024 2180 numquam
1048 2119 1121 2160 eum

101 2208 259 2269 quaerere.
304 2185 404 2269 Nam,
423 2190 595 2269 postquam
614 2185 696 2250 obiit
714 2181 781 2269 ille,
805 2185 982 2251 increbruit
1000 2186 1121 2269 passim

100 2279 134 2339 et
162 2274 299 2339 invaluit
329 2275 528 2340 consuetudo
556 2275 648 2340 binas
677 2276 731 2340 vel
757 2276 902 2361 singulas
929 2275 1120 2359 clepsydras,

99 2364 261 2429 interdum
291 2364 388 2428 etiam
418 2364 566 2428 dimidias
596 2368 628 2428 et
659 2364 756 2428 dandi
785 2370 818 2429 et
845 2365 984 2448 petendi.
1034 2363 1156 2430 Nemo

100 2453 211 2537 etqui
235 2453 358 2536 dieunt,
389 2454 493 2538 egisse
516 2455 642 2517 malunt
670 2475 766 2537 quam
790 2475 898 2540 agere,
928 2457 960 2518 et
988 2454 1044 2536 qui
1067 2477 1121 2519 au·

55 2565 80 2604 aa
101 2543 207 2624 diunt,
230 2542 322 2606 finire
347 2564 444 2626 quam
467 2542 616 2606 iudicare.
663 2542 767 2606 Tanta
789 2543 1009 2628 neglegentia,
1030 2547 1122 2608 tanta

101 2632 236 2715 desidia,
263 2635 354 2695 tanta
382 2631 519 2714 denique
546 2631 759 2696 inreverentia
789 2633 969 2697 studiorum
998 2633 1122 2715 perieu-

101 2723 270 2805 lorumque
293 2725 348 2786 est.
396 2720 450 2784 An
472 2742 531 2784 nos
560 2721 769 2804 sapientiores
793 2721 968 2787 maioribus
991 2722 1156 2804 nostris,6

100 2833 159 2875 uos
182 2810 309 2896 legibus
339 2810 419 2894 ipsis
447 2809 612 2893 iustiores,
645 2831 726 2894 quae
753 2814 803 2876 tot
830 2811 941 2894 horas,
971 2814 1021 2874 tot
1045 2811 1121 2895 dies,

101 2904 151 2965 tot
175 2899 526 2983 comperendinationes
550 2898 753 2983 largiuntur?
785 2901 915 2965 hebetes
943 2900 992 2963 illi
1016 2903 1049 2965 et
1071 2921 1122 2965 su·

56 3011 83 3049 eo
101 3011 159 3071 pra
182 2989 314 3053 modum
332 2988 425 3072 tardi,
448 3010 507 3053 nos
532 2989 674 3072 apertius
698 2989 847 3069 dicimus,
872 2989 1006 3054 celerius
1029 2989 1122 3054 intel·

101 3079 249 3163 legimus,
265 3078 448 3163 religiosius
467 3078 656 3158 iudicamuS,
680 3079 756 3162 quia
773 3078 979 3162 paucioribus
999 3080 1122 3164 clepsy-

101 3168 166 3231 dris
190 3167 439 3251 praecipitamus
463 3190 588 3251 causas,
612 3189 709 3251 quam
732 3168 841 3232 diebus
865 3168 1018 3251 explicari
1041 3169 1122 3234 sole-

173 3313 190 3359 4
210 3322 261 3375 ego
278 3324 330 3375 pro
348 3323 415 3376 ergo
433 3325 456 3361 r.
544 3314 560 3361 6
579 3307 724 3362 dediscere
744 3306 853 3373 Cetea,
871 3324 897 3375 a,
916 3308 989 3376 qued
1002 3309 1123 3376 probare

97 3380 189 3446 poesie
202 3379 399 3448 iatarpcupeas
411 3380 466 3433 ita:
480 3379 624 3433 dediscere
637 3378 710 3432 illud
720 3378 822 3446 ipsum,
837 3378 911 3445 quod
921 3409 955 3419 -
966 3381 1021 3449 (10)
1031 3381 1122 3432 trans-

101 3448 220 3503 ferebat.
249 3448 329 3513 Quod
343 3457 523 3517 sempercett.
555 3466 558 3470 ’
597 3450 857 3505 9nltermninom.
872 3451 987 3519 Dpru.
1052 3457 1094 3500 xx
1109 3466 1135 3499 a.

102 3521 191 3573 nimia
205 3521 253 3587 K,
267 3520 370 3574 animi*
386 3522 430 3589 M,
444 3521 533 3578 animi
547 3523 666 3595 Dprc,
680 3521 756 3579 anili
767 3522 935 3580 Ousuuboa,
1005 3525 1049 3572 ‘ab
1061 3528 1160 3580 uw-

97 3592 231 3655 MBs‘a,
251 3607 324 3658 quae
335 3609 392 3661 pr.

135 3697 242 3735 Parmos
252 3699 346 3741 Mrrron
358 3709 402 3746 nn.
417 3706 555 3757 Kanum.
983 3701 1027 3753 Ψ
