2400 3862
92 173 135 239 88
529 168 557 226 0.
576 169 676 225 PLINI

92 333 254 399 constitui.
301 332 518 400 Subsistemus
541 334 678 399 fortasse
701 337 734 398 et
755 333 916 417 sequenti,
943 333 999 399 sc'd
1021 337 1115 398 tanto

57 423 195 508 imagis
225 424 311 488 viam
340 423 445 506 ipsam
477 423 699 507 corripiemus:
742 423 910 508 contingat
945 421 1042 489 modo
1081 426 1114 486 te

92 512 256 595 filiamque
288 517 378 577 tuam
409 512 509 578 fortes
546 511 704 577 inveniret
735 533 812 576 nam
825 511 960 577 'hilares
991 516 1116 576 certum

93 605 154 686 est,
178 603 206 667 si
227 623 287 667 nos
310 600 487 667 incolumes
510 601 702 686 receperitis.
748 599 838 665 Vale.

581 765 621 824 Π.
1135 788 1149 831 s

272 892 303 944 O.
317 893 466 956 PLINIUS
484 893 595 945 ATTIO
616 893 803 945 CLEMENTI
821 892 891 944 SUO
911 893 939 944 S.

58 1012 73 1060 1
152 992 296 1079 Regulus
319 993 425 1058 filium
442 993 551 1058 amisit
573 993 636 1059 hoc
658 1015 723 1059 uno
742 994 828 1057 malo
847 992 1009 1078 indignus,
1028 992 1116 1075 quod

77 1082 201 1156 ¹nescio
225 1105 266 1146 an
289 1083 410 1147 malum
433 1086 533 1166 putet.
579 1081 659 1146 Erat
681 1104 762 1167 puer
791 1083 873 1147 acris
896 1081 1032 1167 ingenii,
1059 1081 1116 1147 scd

94 1172 250 1258 ambigui,
274 1172 330 1254 qui
352 1175 461 1236 tamen
478 1174 589 1255 posset
606 1175 695 1237 recta
712 1171 837 1254 sectari,
861 1171 888 1236 si
906 1178 1031 1254 patrem
1049 1192 1117 1235 non

58 1261 233 1327 areferret.
280 1259 377 1326 Hunc
400 1260 544 1346 Regulus
568 1261 797 1345 emancipavit,
818 1264 856 1324 ut
882 1261 975 1324 heres
1003 1260 1116 1324 matris
1135 1278 1159 1321 rs

94 1351 259 1434 existeret,
287 1351 506 1433 mancipatum
529 1347 590 1436 (ita
617 1351 715 1436 vulgo
736 1350 775 1414 ex
802 1349 946 1415 moribus
974 1349 1116 1413 hominis

93 1437 322 1524 loquebantur)
346 1439 441 1504 foeda
464 1444 498 1504 et
518 1439 649 1504 insolita
681 1438 868 1524 parentibus
896 1438 1118 1524 indulgentiae

94 1529 299 1593 simulatione
317 1528 476 1612 captabat.
521 1527 722 1612 Incredibile,
745 1528 800 1593 sed
819 1526 981 1614 Regulum
999 1528 1117 1613 cogita.

58 1634 74 1682 3
93 1618 261 1682 Amissum
279 1620 387 1681 tamen
404 1618 496 1702 luget
513 1617 633 1682 insane.
679 1616 829 1683 Habebat
846 1638 927 1700 puer
944 1617 1117 1682 mannulos

94 1708 214 1771 multos
238 1711 270 1770 et
293 1705 419 1771 iunctos
448 1710 481 1770 et
508 1707 647 1789 solutos,
678 1706 820 1771 habebat
851 1727 945 1771 canes
978 1706 1117 1770 maiores
1137 1722 1159 1767 u

94 1796 307 1877 minoresque,
326 1794 466 1860 habebat
479 1795 642 1878 luscinias,
655 1795 820 1880 psittacos,
834 1795 987 1860 merulas:
1005 1816 1118 1860 omnes

58 1883 238 1970 sRegulus
263 1883 348 1948 circa
370 1905 486 1969 rogum
513 1883 694 1949 trucidavit,
723 1884 809 1949 >Nec
839 1885 931 1949 dolor
959 1888 1027 1948 erat
1053 1883 1119 1968 ille,

95 1973 150 2040 sed
174 1973 348 2038 ostentatio
372 1973 500 2038 doloris.
548 1972 745 2038 Convenitur
767 1974 808 2038 ad
831 1996 905 2039 cum
933 1972 1015 2038 mira
1038 1974 1120 2038 cele

94 2064 219 2128 britate.
267 2060 382 2128 Cuncti
404 2063 614 2145 detestantur,
637 2062 774 2128 oderunt
797 2067 837 2147 et,
861 2063 953 2147 quasi
971 2063 1119 2146 probent,

96 2152 188 2236 quasi
224 2151 375 2237 diligant,
412 2155 556 2234 cursant,
587 2151 807 2236 frequentant,
839 2157 940 2236 utque
969 2152 1159 2236 breviter,sr

95 2242 183 2324 quod
207 2241 319 2324 sentio,
343 2241 515 2324 enuntiem,
538 2241 574 2305 in
591 2239 717 2327 Regulo
742 2241 932 2306 demerendo
955 2239 1119 2326 Regulum

60 2345 76 2393 o
95 2330 270 2394 imitantur.
312 2329 414 2394 Tenet
433 2353 467 2395 se
490 2334 578 2395 trans
597 2329 741 2394 Tiberim
759 2330 794 2393 in
811 2330 928 2413 hortis,
947 2331 981 2393 in
1000 2330 1119 2413 quibus

94 2418 289 2483 latissimum
320 2418 425 2483 solum
452 2419 631 2503 porticibus
661 2419 838 2502 immensis,
869 2419 973 2502 ripam
1003 2420 1119 2484 statuis

96 2508 162 2574 suis
187 2508 370 2590 occupavit,
395 2511 432 2572 ut
455 2512 503 2573 est
526 2508 560 2573 in
584 2530 709 2573 summa
737 2509 871 2573 avaritia
900 2511 1119 2592 sumptuosus,

61 2598 131 2662 oin
162 2618 288 2661 summa
319 2596 452 2660 infamia
483 2597 652 2683 gloriosus.
707 2597 814 2663 Vexat
846 2618 922 2682 ergo
955 2596 1159 2673 civitatemu

97 2685 343 2752 insaluberrimo
366 2690 512 2768 tempore
535 2690 575 2769 et,
600 2687 685 2770 quod
704 2691 812 2769 vexat,
837 2686 993 2750 solacium
1016 2692 1118 2770 putat.

96 2775 187 2841 Dicit
210 2797 243 2840 se
266 2775 349 2838 velle
373 2776 487 2839 ducere
510 2798 652 2859 uxorem,
684 2776 746 2840 hoc
780 2797 908 2859 quoque
939 2776 1024 2840 sicut
1055 2776 1120 2840 alia

62 2879 252 2948 sperverse.
299 2863 420 2927 Audies
435 2864 524 2928 brevi
541 2866 670 2948 nuptias
693 2865 843 2950 lugentis,
866 2864 997 2948 nuptias
1020 2865 1120 2948 senis3

98 2974 235 3037 quorum
259 2953 396 3017 alterum
423 2952 632 3037 inmaturum,
656 2954 791 3018 alterum
813 2976 918 3018 serum
938 2958 993 3018 est.
1024 2953 1120 3020 Unde

61 3043 160 3107 8hcc
183 3063 334 3125 augurer,
366 3042 501 3124 quaeris.
546 3041 623 3108 Non
656 3044 731 3127 quia
758 3043 907 3107 adfirmat
938 3043 1025 3126 ipse,
1054 3058 1159 3126 quos

97 3131 282 3196 mendacius
305 3131 389 3194 nihil
412 3134 469 3214 est,
488 3131 543 3196 sed
563 3132 639 3215 quia
657 3136 780 3197 certum
798 3137 848 3196 est
866 3130 1028 3216 Regulum
1051 3154 1121 3197 esse

97 3222 271 3301 facturum,
296 3219 452 3304 quidquid
475 3220 546 3284 fieri
567 3242 635 3285 non
657 3224 793 3305 oportet.
838 3219 928 3285 Vale.

170 3347 186 3394 3
210 3358 274 3393 narn
298 3340 349 3394 hil.
372 3344 480 3395 certum
503 3344 546 3395 est
564 3342 716 3410 RFpra,
741 3343 816 3408 ouo,
836 3342 941 3408 Maeli,
964 3359 1030 3395 nam
1054 3358 1121 3397 con·

97 3412 191 3483 tinget
213 3412 262 3466 hil.
282 3413 405 3478 MVD,
424 3413 462 3468 K.
481 3414 564 3481 (disp.
579 3413 601 3467 I
611 3417 650 3481 9),
682 3430 748 3467 nam
773 3412 823 3467 hil.
847 3412 994 3483 continget
1012 3413 1119 3484 Stangl.

94 3485 213 3537 cardo
231 3501 267 3537 aa
282 3485 341 3537 selo
358 3485 395 3540 Ε.
469 3491 502 3538 11
522 3484 643 3552 mancip.
663 3485 792 3554 RFpa,
812 3484 950 3553 emancip.
969 3484 1008 3540 M
1012 3484 1120 3540 VDrs.

78 3578 114 3588 -
129 3553 268 3606 homines
280 3555 327 3608 M
338 3555 367 3610 V.
466 3562 503 3613 14
521 3557 691 3614 insaneom.
709 3555 1120 3626 RF,secef.tuf‹or,1,·a
