2400 3862
366 171 622 228 Puuuuuulcus
642 178 805 242 uuo-81,
816 188 836 228 r.
1046 177 1109 244 391

86 337 1113 428 dissolutaclementialQuidlnontulocupletandofiscoopera-

87 437 145 497 tus
169 431 274 515 sedes,
290 449 350 519 nec
372 429 460 493 nliud
483 428 544 493 tibi
567 427 743 493 sententiae
762 431 836 493 tuae
855 428 996 514 pretium
1015 451 1113 513 quam

88 522 173 587 bene
196 519 362 587 iudicasse.
408 516 504 582 Stant
531 522 605 583 ante
632 522 664 582 te
687 518 867 603 litigatores
896 540 964 583 non
987 518 1026 587 de
1049 519 1112 584 for·
1132 538 1147 586 6

89 610 181 676 tnnis
204 608 285 693 suis,
314 606 369 674 sed
394 607 432 672 de
455 613 513 672 tua
535 608 772 672 existimatione
801 608 932 674 solliciti
959 631 1019 674 nec
1045 612 1112 674 tem

54 703 257 783 orerentur,
287 696 364 782 quid
395 696 433 762 de
461 718 557 763 causa
585 720 643 763 sua
671 718 767 780 quam
796 699 874 783 quid
903 698 941 763 de
970 698 1112 764 moribus

90 790 221 857 sentias.
251 785 278 853 Ο
297 808 387 853 veras
406 786 561 871 principis
576 791 673 871 atque
692 787 788 851 etiam
808 788 860 852 dei
883 809 975 853 curas
1003 810 1113 854 recon·
1132 806 1148 854 a

90 879 203 946 eilisre
226 879 366 943 aemulas
390 876 536 942 civitates
555 880 789 962 tumentesque,
803 878 942 962 populos
965 900 1033 942 non
1055 879 1113 943 im-

90 968 183 1054 perio
205 967 309 1053 magis
333 988 430 1050 quam
451 966 577 1031 ratione
601 988 817 1050 compescere,
845 967 1040 1033 intercedere
1064 967 1115 1031 in·

90 1057 282 1142 iquitatibus
298 1055 545 1142 magistratuum
559 1055 778 1140 infectumque
791 1056 937 1139 reddere,
957 1057 1114 1141 quidquid

92 1237 203 1304 omnia
220 1235 371 1319 invisere,
391 1236 499 1300 omnia
517 1235 626 1300 audire
646 1239 677 1301 et
691 1236 915 1318 undecumque
928 1235 1114 1302 invocatum

92 1326 203 1393 statim
226 1326 316 1390 velut
337 1346 458 1390 numen
476 1324 585 1390 adesse
605 1329 637 1389 et
655 1325 822 1390 adsisteret
852 1325 943 1390 Talia
962 1347 1030 1391 esse
1050 1348 1114 1392 cre·
1134 1345 1150 1393 4

93 1415 242 1500 diderim,
276 1435 357 1498 quae
386 1414 441 1479 ille
478 1415 590 1479 mundi
620 1437 735 1499 parens
769 1419 927 1500 temperat
957 1419 1053 1500 nutu,
1087 1416 1115 1480 si

93 1504 223 1590 quando
244 1505 354 1569 oculos
374 1503 502 1569 demisit
520 1505 554 1569 in
572 1507 673 1569 terras
693 1508 724 1569 et
742 1503 810 1569 fata
828 1506 1014 1570 mortalium
1031 1505 1116 1570 inter

47 1614 74 1656 6
94 1595 204 1661 divina
232 1616 329 1679 opera
355 1615 523 1659 numerare
552 1594 702 1680 dignatus
731 1598 792 1679 est3
821 1616 884 1678 qua
910 1616 997 1660 nuno
1024 1599 1150 1680 partes

92 1685 176 1751 liber
187 1686 384 1767 'solutusque
402 1687 529 1749 tantum
548 1686 636 1750 caelo
656 1688 761 1768 vacet,
775 1689 948 1769 postquam
967 1689 1000 1750 te
1019 1685 1115 1769 dedit,

95 1775 151 1860 qui
181 1795 257 1859 erga
285 1794 379 1838 omne
405 1772 574 1838 hominum
607 1796 708 1861 genus
738 1774 808 1839 vice
841 1798 898 1840 sua
927 1774 1116 1861 fungereris,

94 1863 252 1950 Fungeris
285 1863 370 1927 enim
404 1862 591 1947 sufficisque
628 1863 809 1949 mandanti,
850 1886 923 1929 oum
956 1866 1016 1929 tibi
1050 1864 1116 1929 dies

97 1954 200 2019 omnis
230 1975 355 2018 summa
382 1973 455 2018 cum
483 1953 624 2018 utilitate
652 1957 777 2035 nostre,
806 1976 931 2018 summa
959 1976 1032 2020 cum
1061 1957 1117 2019 tua

49 2063 78 2103 ao
96 2043 190 2108 laude
214 2041 378 2107 condatur.

164 2131 286 2209 Quodsi
310 2131 437 2215 quando
462 2152 535 2196 cum
558 2131 768 2196 influentibus
796 2131 936 2215 negotiis
959 2132 1050 2215 paria
1073 2132 1117 2197 fe·
1126 2130 1169 2204 81

96 2222 181 2306 cisti,
211 2221 314 2286 instar
340 2220 524 2286 refectionis
553 2221 717 2284 existimes
745 2221 957 2286 mutationem
987 2222 1117 2287 laboris.

96 2310 184 2388 Quae
208 2310 293 2375 enim
317 2311 463 2375 remissio
486 2309 548 2374 tibi
569 2309 632 2373 nisi
659 2311 797 2375 lustrare
826 2311 939 2393 saltus,
970 2315 1118 2377 excutere

96 2399 256 2467 cubilibus
271 2400 368 2484 feras,
387 2421 536 2483 superare
556 2397 712 2464 immensa
732 2400 892 2464 montium
907 2400 983 2487 iuga
997 2404 1030 2465 et
1043 2401 1119 2465 hor-

50 2508 78 2550 as
95 2490 240 2555 rentibus
259 2489 401 2573 scopulis
425 2489 561 2576 gradum
584 2489 702 2554 inferre
720 2490 841 2554 nullius
861 2513 971 2574 manu,
997 2490 1118 2556 nullius

96 2579 233 2665 vestigio
257 2578 402 2643 adiutum
426 2583 522 2663 atque
545 2578 630 2644 inter
652 2579 732 2644 haec
754 2578 809 2663 pia
831 2584 938 2645 mente
961 2579 1048 2644 adire
1071 2580 1118 2644 lu-

96 2690 151 2735 cos
184 2673 216 2733 et
247 2690 414 2734 occursare
445 2667 654 2734 numinibus?
696 2667 782 2734 Olim
812 2669 891 2734 haec
922 2669 1153 2754 experientiae

96 2759 285 2842 iuventutis,
308 2758 387 2824 hacc
410 2760 560 2844 voluptas
584 2762 666 2842 erat,
687 2758 739 2823 his
759 2759 881 2824 artibus
901 2758 1003 2823 futuri
1021 2759 1117 2824 duces

96 2847 336 2931 imbuebantur,
365 2851 486 2913 certare
509 2869 582 2913 cum
609 2848 780 2934 fugacibus
811 2848 887 2913 feris
911 2870 1022 2929 cursu,
1046 2870 1120 2914 cum

51 2957 77 2998 ao
96 2937 270 3003 audacibus
289 2937 419 3021 robore,
437 2959 510 3002 cum
531 2937 654 3003 callidis
670 2941 755 3023 estu,
774 2959 834 3003 nec
852 2938 1012 3004 mediocre
1031 2939 1119 3024 pacis

168 3155 182 3202 1
204 3148 354 3204 clementia
372 3150 424 3202 tua
439 3149 476 3203 K.
491 3150 549 3204 iud.
561 3166 591 3218 p.
608 3150 645 3204 X.
661 3181 695 3191 -
711 3149 790 3204 clem.
807 3149 852 3204 oui
867 3166 923 3204 non
937 3151 970 3204 tu
983 3149 1036 3204 loo.
1051 3150 1118 3204 fisco

96 3237 172 3292 oper.
188 3220 245 3274 sed.
263 3222 300 3287 R,
323 3220 375 3275 del.
395 3219 441 3274 cui
463 3221 576 3288 Bocbr,
600 3221 637 3274 K.
648 3223 691 3289 ΙΙ,
714 3222 830 3289 Mucil.;
850 3224 980 3276 omittunt
1000 3221 1058 3290 cui,
1079 3224 1119 3289 tu,

97 3294 230 3364 operatus
243 3293 302 3347 rell.
316 3292 404 3359 codd,
419 3292 458 3345 K.
467 3293 489 3347 I
491 3313 501 3358 ;
520 3292 679 3359 clementia,
697 3309 783 3362 quam
796 3295 829 3346 tn
843 3309 899 3347 non
915 3335 938 3347 ..
953 3335 976 3348 ..
992 3295 1121 3348 Haemus

96 3367 171 3421 arico.
186 3364 255 3433 phil.
270 3363 323 3418 XI
337 3368 381 3430 19,
401 3362 564 3418 clementia!
603 3363 693 3429 Quid?
712 3380 769 3418 non
784 3367 817 3418 16
834 3365 965 3432 86166116,
983 3365 1066 3432 Suet,
1084 3365 1120 3432 of.

93 3454 123 3506 p.
138 3440 202 3503 359,
216 3440 241 3492 9.
316 3441 332 3490 6
352 3439 445 3490 curas!
460 3434 643 3490 reconciliare
656 3438 832 3505 interpretavit
845 3438 1004 3506 Boraeoque
1013 3454 1043 3506 p.
1057 3440 1120 3492 216.

98 3513 130 3562 12
146 3524 250 3563 numen
264 3505 369 3574 B'M',
383 3507 525 3576 66116611,
540 3508 579 3563 K.
588 3508 615 3576 I,
629 3509 743 3576 Buclu,
757 3509 866 3576 1116611,
879 3525 930 3564 ora.
941 3509 978 3562 M
983 3508 1016 3574 0,
1030 3508 1067 3562 Κ.
1078 3509 1121 3563 ΙΙ.

93 3584 126 3631 13
143 3579 194 3633 1116
211 3581 250 3647 Α,
270 3579 384 3647 Maeli,
403 3579 467 3652 ipse
485 3581 562 3656 outo.
