2400 3862
96 201 161 268 114
438 215 443 219 -
530 200 559 256 o.
578 199 677 255 mun

57 366 197 430 amulta
229 385 302 432 oum
334 362 407 428 bile.
462 363 601 448 Aliquot
631 363 724 430 annis
755 367 835 448 puto
872 365 955 431 nihil
988 366 1114 452 generis

94 454 236 519 eiusdem
259 453 438 519 absolutius
465 453 634 537 seriptum,
666 454 730 519 nisi
756 455 840 519 forte
867 477 918 519 me
946 454 1031 519 follit
1059 460 1116 519 aut

57 558 185 609 tamor
207 544 290 626 sius,
316 547 373 607 aut
396 541 483 626 quod
505 541 613 624 ipsum
636 564 687 608 me
713 542 862 608 laudibus
886 544 983 609 vexit.
1028 544 1115 609 Nam

93 632 211 698 lemma
233 631 296 697 sibi
320 631 467 715 sumpsit,
490 631 577 715 quod
600 653 661 718 ego
684 631 845 698 interdum
863 634 1008 698 versibus
1027 635 1115 699 ludo.

94 721 202 806 Atque
225 720 304 786 adeo
326 720 439 786 iudicii
461 720 524 785 mei
546 724 579 786 te
602 720 739 787 iudicem
762 721 893 806 faciam,
920 723 948 787 si
971 721 1052 787 mihi
1076 743 1149 787 exe

93 812 156 877 hoe
178 811 250 895 ipso
273 810 425 876 lemmate
447 810 606 875 seonndus
625 832 736 876 versus
756 810 944 897 ooeurrerit;
966 835 1042 877 nam
1066 834 1116 877 oe-

93 905 179 965 teros
203 904 297 965 teneo
321 903 355 965 et
377 899 441 965 iam
465 899 613 984 explicui.

58 1076 76 1124 4
184 1059 304 1126 Canto
329 1059 497 1126 earmina
519 1060 695 1125 versibus
718 1060 893 1144 minutis,

182 1149 243 1216 his
268 1150 359 1215 olim
383 1148 522 1234 quibus
546 1153 583 1214 et
605 1171 711 1214 meus
736 1148 913 1215 Catullus

185 1243 222 1305 et
246 1238 383 1304 Calvus
406 1243 642 1322 veteresque.
691 1237 764 1303 Sed
788 1239 878 1323 quid
902 1240 946 1304 ad
969 1241 1038 1304 mel
1135 1263 1160 1303 1o

183 1329 291 1396 Unus
314 1328 466 1394 Plinius
489 1328 550 1392 his
573 1327 669 1392 mihi
692 1328 799 1412 prior
822 1329 887 1394 sit:

184 1419 331 1486 mavult
353 1417 568 1482 versiculos
590 1417 675 1482 foro
699 1418 838 1483 relicto

185 1512 222 1572 et
245 1504 406 1590 quaerit,
430 1507 530 1589 quod
554 1509 667 1589 amet,
689 1510 878 1592 putatque
901 1507 1030 1571 amari.

184 1597 256 1661 Ille
280 1617 299 1660 o
323 1595 581 1679 Plinius,·illo
605 1600 698 1680 quot
722 1594 901 1663 Catones!

183 1683 336 1769 Inuno,
360 1683 424 1768 qui
448 1684 590 1768 sapies,
614 1707 738 1750 amare
761 1685 851 1751 noli.
1136 1710 1160 1750 15

60 1856 76 1908 5
95 1846 210 1931 Vides,
233 1867 330 1930 quam
353 1849 448 1910 aeuta
466 1846 588 1929 omnia,
612 1867 709 1929 quam
728 1850 816 1930 apta,
841 1869 938 1930 quam
957 1868 1115 1931 expressa.

95 1933 149 2001 Ad
171 1936 258 2000 huno
280 1938 412 2021 gustum
435 1938 542 1999 totum
559 1935 679 2000 librum
697 1935 902 2020 repromitto,
927 1958 1022 2020 quem
1046 1936 1116 2019 tibi,

96 2029 134 2091 ut
156 2026 293 2110 primum
319 2023 543 2107 publicaverit,
568 2024 733 2089 exhibebo.
779 2023 912 2090 Interim
936 2048 1008 2089 ama
1031 2026 1116 2090 iuve-

96 2137 170 2180 nem
193 2119 226 2180 et
248 2113 448 2196 temporibus
471 2113 590 2177 nostris
618 2115 781 2200 gratrrlars
807 2136 866 2198 pro
894 2115 1026 2200 ingenio
1049 2115 1118 2198 tali,

98 2204 184 2288 quod
207 2203 262 2268 ille
280 2203 424 2267 moribus
444 2201 587 2267 adornat.
633 2203 725 2268 Vivit
748 2225 822 2268 oum
842 2201 1013 2288 Spurinna,
1036 2205 1160 2269 viritas

97 2315 171 2359 oum
185 2291 361 2376 Antonin0,
384 2313 523 2375 quorum
542 2290 635 2356 alteri
653 2292 778 2375 adfinis,
799 2294 930 2377 utrique
949 2295 1117 2358 contuber-

62 2383 179 2450 6nalis
203 2386 259 2447 est.
295 2381 404 2446 Possis
428 2403 467 2445 ex
489 2380 553 2446 hoo
575 2381 680 2446 faeere
704 2383 932 2466 coniecturam,
955 2405 1050 2466 quam
1074 2384 1118 2447 sit

97 2471 283 2538 emendatus
313 2471 513 2557 adulescens,
546 2470 602 2553 qui
632 2491 651 2532 a
680 2471 879 2556 gravissimis
910 2472 1039 2537 senibus
1070 2473 1117 2537 sio

98 2565 231 2628 amatur.
277 2559 338 2624 Est
361 2560 447 2624 enim
470 2559 551 2624 illud
574 2559 791 2624 verissimum:

651 2685 872 2770 γινώσκων,
896 2685 955 2750 ὅτι
1135 2706 1160 2747 as

200 2775 381 2851 τοιοῦτός
404 2771 528 2858 ἐστιν,
552 2764 688 2860 oleato
710 2774 849 2858 ἥδεται
872 2775 1012 2839 συνών.

97 2882 187 2949 Vale.

169 3099 185 3148 3
210 3110 256 3148 me
281 3093 333 3160 ips.
361 3093 503 3162 RFpro.
631 3098 646 3145 6
672 3095 801 3146 occurrat
828 3093 904 3159 MV,
930 3093 1052 3146 occurrit
1077 3094 1116 3147 D.

97 3166 150 3220 11*
167 3165 251 3219 unius
267 3166 297 3219 V.
317 3195 351 3204 -
371 3166 414 3219 est
432 3165 503 3219 mihi
520 3164 627 3234 priores
647 3162 759 3233 (prioris
773 3166 812 3218 Μ
820 3165 856 3234 V)
875 3164 962 3231 codd,
982 3166 1051 3231 edd,
1070 3165 1115 3217 his

94 3237 168 3291 mihi
185 3236 263 3306 prior
281 3235 319 3290 sit
336 3252 392 3307 epo,
411 3237 445 3303 cf.
463 3237 610 3303 V1120‚6
628 3235 698 3288 mihi
715 3234 831 3303 primus.
914 3239 947 3288 13
967 3236 1058 3289 amari
1075 3238 1118 3291 oet

95 3324 192 3363 omaro
215 3308 301 3374 codd,
325 3307 460 3376 iuvatque
483 3323 579 3362 amare
602 3320 626 3374 ς,
651 3304 810 3375 probatque
836 3306 926 3360 amari
951 3307 1115 3373 Geronton,

91 3382 143 3435 aed
161 3382 197 3447 cf.
212 3381 346 3445 V11121,
360 3382 377 3432 5
392 3385 418 3433 et
430 3379 480 3433 IX
491 3383 536 3445 33,
550 3383 575 3433 6.
653 3383 688 3431 14
706 3395 722 3432 o
741 3394 792 3432 om.
812 3379 934 3446 RFpa.
1013 3384 1046 3432 15
1067 3380 1116 3446 qui

80 3451 183 3516 sapias
200 3468 228 3517 a,
256 3451 321 3506 Otto
338 3453 402 3517 301,
426 3451 536 3519 Muell,
558 3448 686 3519 quisquis
709 3449 789 3518 apios
808 3448 845 3515 R,
868 3447 996 3518 quisquis
1019 3451 1115 3517 sapias

64 3515 157 3586 ἢν)
173 3522 314 3591 quisquis
328 3538 412 3578 amas
423 3523 462 3578 M
464 3523 497 3579 D
505 3535 531 3592 ς,
545 3523 596 3591 K,
609 3521 728 3592 quisque
740 3536 821 3574 amas
831 3521 863 3576 V.
917 3526 950 3575 25
965 3521 1116 3591 Euripidis

64 3594 163 3656 ”mue
186 3596 228 3662 ef.
246 3595 361 3654 Noorlc
377 3597 488 3670 frupm.
508 3603 584 3670 trop.
605 3611 697 3670 praee.
714 3611 742 3666 p.
757 3597 821 3648 490.
