2386 3840
104 161 147 226 68
540 156 683 211 cautu

70 322 200 387 elebat.
231 320 271 386 In
293 323 354 386 hac
372 321 606 404 tranquillitate
629 342 749 385 annum
769 319 930 403 quintum
956 327 1121 409 atneptis

104 412 286 497 gensimum
301 409 438 475 excessit
447 410 584 475 delicato
599 411 701 495 magis
721 430 857 493 corpore
874 432 985 495 qnam
1000 413 1120 489 infime

105 504 205 585 utque
228 500 421 565 novissimus
445 522 464 562 a
481 498 611 564 Nerone
634 500 738 564 factus
757 501 806 563 est
824 501 965 585 consul,
990 502 1040 568 it·
1056 506 1121 587 poll

105 611 211 654 remus
235 611 275 653 ex
297 588 460 671 omnibus,
485 610 565 671 quos
584 588 672 653 Nero
696 587 845 653 musuleo
869 588 1016 675 fecerat,
1038 591 1119 657 deas

54 690 87 740 10
106 680 156 743 sit.
201 676 287 741 Illud
310 677 407 741 etiam
429 678 585 742 notabile:
614 678 748 741 ultimus
772 698 812 741 ex
832 674 1047 746 Neronianis
1066 696 1130 745 conl

106 767 265 833 sularibus
289 766 384 849 obiit,
408 787 472 849 quo
496 767 628 831 consule
646 765 735 831 Nero
754 764 860 849 periit.
895 764 1002 844 Quod
1021 792 1072 835 me
1088 788 1118 832 re

54 869 85 916 11
106 856 292 921 cordantem
319 855 504 940 fragilitatis
531 856 689 920 hnmanae
711 853 876 920 miseratio
903 857 1012 923 subit
1058 854 1118 935 Quil

106 944 192 1009 enim
214 948 281 1008 tam
304 945 541 1027 circumcisum,
564 948 630 1008 tam
653 945 748 1009 breve
776 964 874 1027 quem
898 943 1055 1013 hominis
1074 946 1117 1009 vin

106 1033 317 1119 longissima?
330 1033 383 1097 An
397 1055 463 1097 non
477 1033 603 1097 videtur
616 1033 677 1097 tibi
686 1031 775 1098 Nero
785 1031 882 1096 modo
894 1034 1004 1102 modo
1018 1031 1117 1102 fnisse?

107 1144 180 1188 cum
202 1123 386 1188 interimor
403 1122 457 1205 iis,
481 1123 536 1205 qni
560 1123 619 1187 sub
643 1122 700 1186 illo
724 1125 889 1207 gesserant
917 1126 1115 1203 consulatus,

55 1226 87 1274 12
106 1235 200 1277 nemo
219 1212 284 1277 iam
303 1215 457 1296 superest.
481 1211 683 1294 Quamquam
703 1211 780 1294 quid
799 1210 862 1275 hoc
880 1212 1015 1279 miror?
1038 1232 1116 1299 nupt

106 1302 142 1366 L.
165 1300 257 1384 Piso,
278 1305 369 1384 pater
392 1298 520 1364 Pisonis
543 1301 647 1382 illius,
674 1299 731 1384 qui
754 1323 773 1363 a
795 1298 930 1365 Valerio
955 1300 1061 1370 Festo
1080 1322 1116 1388 pfl

107 1413 269 1455 summum
291 1390 416 1455 facinus
440 1390 474 1453 in
497 1388 609 1454 Africa
631 1390 755 1454 occisus
780 1392 841 1469 est,
869 1388 983 1457 dicere
1014 1393 1116 1459 soleba

106 1480 268 1545 neminem
296 1501 329 1542 se
357 1477 465 1542 videre
491 1479 526 1543 in
548 1482 675 1561 senatu,
705 1499 800 1561 quem
828 1479 947 1543 consul
971 1482 1049 1566 ipse
1069 1502 1116 1547 seu

56 1582 88 1629 13
107 1568 242 1631 tentiam
265 1567 451 1652 rogavisset.
488 1567 568 1631 Tam
591 1568 736 1652 angustis
759 1566 906 1632 terminis
925 1571 1046 1637 tantae
1059 1567 1117 1636 mul

109 1746 213 1809 solum
238 1745 366 1831 dignae,
389 1767 501 1809 verum
520 1746 616 1809 etiam
640 1745 734 1810 laude
747 1744 917 1809 videantur
931 1745 1014 1814 illae
1030 1749 1118 1835 regist

107 1835 266 1899 lacrimae.
311 1833 396 1899 Nam
426 1834 535 1898 ferunt
564 1834 706 1916 Xerxen,
737 1856 810 1899 cum
834 1835 1027 1903 inmensum
1052 1859 1119 1904 exer·

108 1925 208 1989 citum
227 1924 329 1988 oculis
348 1923 477 2006 obisset,
496 1922 722 2006 inlacrimasse,
741 1923 828 2007 quod
847 1926 898 1987 tot
910 1925 1053 1994 milibus
1070 1932 1120 1992 tan

55 2027 89 2073 14
109 2015 198 2078 brevi
225 2014 396 2077 inmineret
419 2033 559 2077 occasus.
602 2010 664 2076 Sed
686 2016 778 2076 tanto
802 2012 905 2097 magis
933 2012 1018 2100 hoc,
1047 2014 1120 2103 quil

109 2102 186 2185 quid
209 2107 259 2166 est
280 2101 435 2186 temporis
459 2101 576 2165 futtilis
600 2106 633 2166 ot
651 2101 776 2183 caduci,
799 2101 827 2165 si
840 2122 908 2165 non
921 2100 1025 2170 (latur
1043 2104 1122 2172 faeti!

109 2189 198 2276 (nam
212 2191 328 2255 horum
343 2191 477 2255 materia
491 2191 525 2253 in
540 2191 644 2255 aliena
658 2188 784 2277 manu),
799 2194 883 2255 certe
898 2192 1022 2261 studiis
1032 2192 1123 2281 prola

109 2301 216 2342 ramus
232 2283 272 2361 et,
292 2285 449 2363 quatenus
463 2278 558 2344 nobis
573 2280 749 2365 denegatur
763 2280 818 2343 diu
833 2279 951 2363 vivere,
970 2285 1124 2371 relinque

58 2379 90 2426 15
110 2390 182 2432 mus
202 2368 333 2451 aliquid,
356 2391 419 2451 quo
439 2390 498 2433 nos
513 2369 631 2433 vixisse
646 2373 808 2434 testemur.
839 2366 914 2434 Scio
938 2373 972 2434 te
994 2371 1125 2440 stimulis

109 2479 176 2521 non
185 2478 291 2541 egere:
306 2479 356 2521 me
366 2461 475 2521 tamen
483 2458 533 2521 tui
543 2458 658 2522 caritas
669 2461 790 2539 evocat,
805 2461 842 2521 ut
856 2463 1047 2528 currentem
1061 2483 1127 2549 qno

110 2569 172 2630 que
194 2544 355 2630 instigem,
369 2546 453 2611 sicut
466 2551 502 2610 tu
516 2548 599 2611 soles
614 2569 673 2612 me.
693 2547 816 2630 Ἀγαθὴ
841 2547 874 2610 ‹l’
896 2544 983 2631 ἐ’ρις,
999 2572 1079 2617 cum
1091 2553 1129 2616 in

109 2637 212 2700 vicem
245 2656 279 2698 se
310 2636 430 2698 mutuis
468 2635 746 2700 exhortationibus
783 2635 877 2700 amici
912 2637 953 2700 ad
990 2660 1129 2706 amorem

113 2725 354 2789 inmortalitatis
377 2728 545 2788 exacuunt.
587 2725 676 2790 Vale.

574 2880 658 2938 VIH.

226 2987 257 3038 Ο.
273 2987 420 3038 PLINIUS
441 2987 622 3039 SUETONIO
643 2988 878 3050 TRANQUILLO
898 2987 968 3038 SUO
990 2989 1021 3041 S.
1143 3000 1156 3041 1

77 3098 90 3145 1
182 3085 274 3151 Facis
284 3109 343 3170 pro
358 3091 463 3152 cetera
472 3090 659 3170 reverentia,
674 3110 770 3172 quam
785 3086 865 3152 mihi
875 3091 1034 3174 praestas,
1049 3090 1133 3178 quod

110 3179 177 3240 tam
192 3177 329 3240 sollicite
343 3176 438 3260 petis,
459 3179 496 3241 ut
510 3177 718 3260 tribunatum,
743 3199 838 3260 quem
861 3199 881 3241 a
897 3174 1038 3245 Neratio
1052 3181 1133 3248 Mac

183 3329 198 3377 9
218 3326 334 3380 alterum
352 3325 435 3378 modo
455 3342 506 3379 cm.
521 3326 629 3393 Fpra.
702 3329 736 3379 20
755 3324 847 3379 brevis
866 3325 953 3391 codd,
967 3327 1041 3396 edd,
1056 3328 1132 3385 brevi

112 3396 282 3451 Leithcluser.
302 3398 435 3449 -tanto
454 3397 582 3465 FDpc,
602 3413 634 3449 eo
655 3397 692 3450 Μ
700 3398 775 3450 Vre.
849 3402 883 3450 22
902 3412 953 3449 nos
972 3405 1040 3454 ante
1059 3403 1132 3458 cette

111 3468 175 3522 add.
191 3468 229 3521 M
234 3481 258 3535 s,
277 3483 391 3523 noscere
405 3469 438 3535 V,·
455 3483 542 3523 manu
555 3467 674 3538 posita),
687 3469 766 3522 certe
779 3466 853 3520 coci.
867 3467 970 3517 Maeli.
1039 3476 1081 3521 ‘aa
1094 3488 1138 3521 m

99 3557 149 3594 om.
164 3540 203 3595 R
278 3546 314 3597 26
331 3542 450 3600 Hessod.
470 3559 518 3614 op.
532 3546 580 3599 24.
