2400 3862
367 203 628 259 EPISTULARUM
645 205 672 258 11
692 210 733 272 ra,
755 211 796 259 ιι.
1047 207 1090 272 47

29 384 58 430 ru
123 363 208 450 nna,
240 368 391 435 conducti
427 373 460 434 et
498 369 670 453 redempti;
716 389 866 452 manceps
904 369 1093 433 convenitur

121 452 232 523 haedis
254 458 399 523 basilica:
427 463 494 522 tam
518 460 625 543 palam
654 460 818 542 sportulae
851 480 947 542 quam
975 458 1010 521 in
1037 459 1092 522 tri·

52 546 55 554 ’
119 542 174 612 ffllo
188 547 315 630 dantur;
329 571 369 612 ex
388 547 507 613 iudicio
521 549 555 612 in
569 548 724 613 iudicium
739 549 810 632 pari
828 549 971 613 mercede
990 550 1092 612 trans-

114 630 155 699 in.
196 635 274 703 Inde
311 637 376 702 iam
412 659 478 702 non
518 638 675 702 inurbane
712 642 900 722 Σοφοκλεῑς
936 641 1127 704 vocanturs

53 722 56 733 “
79 718 158 807 ,ΙῙΒὸ
175 735 231 792 τοῦ
255 736 370 811 σοφῶς
387 726 443 791 καὶ
456 725 659 811 ualetudo&
682 727 784 792 isdem
804 727 955 791 Latinum
974 747 1093 790 nomen

29 812 57 875 ln
105 810 256 897 inpositum
285 819 335 880 est
358 815 563 883 ‘Laudiceni'.
610 816 655 881 Et
681 820 790 881 tamen
818 818 933 882 crescit
960 816 994 880 in
1024 815 1127 882 dieso

103 898 204 970 beditas
230 909 369 988 utraque
396 906 509 991 lingua
534 909 654 971 notata.
705 905 790 971 Here
819 906 882 970 duo
911 907 1092 970 nomencla-

43 993 46 1003 '
101 990 159 1058 bras
172 995 234 1060 mei
252 994 390 1080 (habent
408 1016 484 1059 sane
503 998 639 1060 aetatem
659 1016 784 1077 eorum,
803 996 860 1077 qui
878 1018 981 1080 nuper
998 1004 1091 1080 togas

48 1080 50 1087 ’
99 1081 288 1168 nupserunt)
312 1084 411 1148 ternis
434 1084 573 1149 denariis
597 1085 638 1149 ad
659 1085 857 1149 laudandum
875 1085 1093 1148 trahebantur.

98 1163 168 1236 lenti
187 1176 326 1256 constat,
350 1177 387 1238 ut
410 1174 453 1239 sis
477 1174 715 1239 disertissimus.
760 1173 833 1238 Hoc
856 1174 960 1256 pretio
985 1195 1093 1255 qnam-

97 1254 154 1325 libet
170 1284 342 1328 numerosa
364 1263 518 1328 subsellia
540 1263 729 1348 implentur,
752 1264 815 1327 hoc
837 1262 951 1348 ingens
975 1283 1093 1326 corona

98 1348 245 1436 cligitur,
265 1353 329 1416 hoc
342 1352 461 1417 infiniti
481 1354 636 1417 clamores
656 1356 914 1434 commoventur,
937 1373 1010 1416 cum
1030 1373 1092 1414 me-

96 1438 222 1508 sochorus
255 1440 345 1506 dedit
378 1442 516 1527 signum.
563 1439 653 1526 Opus
686 1446 735 1507 est
767 1442 852 1506 enim
883 1442 976 1526 signo
1007 1441 1127 1523 apud?

95 1542 142 1591 non
163 1530 400 1616 intellegentes,
422 1554 463 1595 ne
486 1530 652 1596 audientes
677 1531 821 1614 quidem3
848 1553 924 1594 nam
947 1530 1092 1615 plerique

68 1624 141 1680 bnon
155 1621 301 1703 audiunt,
324 1642 384 1686 nec
401 1621 461 1685 ulli
480 1620 583 1706 magis
601 1621 742 1685 laudant.
790 1619 825 1686 si
844 1620 972 1703 quando
991 1623 1093 1683 trans·
1112 1637 1129 1685 8

29 1724 36 1784 ς
93 1699 137 1770 ibis
159 1731 215 1793 per
242 1709 408 1775 basilicam
437 1713 470 1774 et
496 1712 585 1775 voles
614 1710 708 1794 scire,
737 1732 802 1794 quo
831 1710 927 1774 modo
957 1709 1093 1793 quisque

29 1833 33 1872 v
93 1788 168 1882 dicat,
194 1799 279 1863 nihil
301 1803 364 1883 est,
392 1798 479 1883 quod
511 1800 655 1864 tribunal
684 1799 849 1883 ascendas,
879 1799 976 1880 nihil,
1007 1797 1094 1881 quod

29 1922 31 1960 ς
90 1887 219 1963 praebeas
248 1910 373 1967 aurem3
399 1888 503 1953 facilis
537 1888 707 1953 divinatio:
741 1890 821 1954 scito
855 1912 928 1953 eum
956 1888 1094 1972 pessime

89 1970 186 2062 dicere,
210 1977 268 2062 qui
289 1977 474 2042 laudabitur
496 1977 641 2042 maxime.
688 1978 815 2043 Primus
838 1978 926 2042 hunc
945 1976 1095 2041 audiendi
1113 1993 1129 2041 9

58 2071 190 2132 ¹luerem
213 2067 343 2132 induxit
371 2067 503 2132 Larcius
533 2066 689 2152 Licinius,
721 2069 877 2133 hactenus
906 2070 1029 2148 tamen,
1058 2069 1095 2128 ut

84 2155 230 2223 auditores
263 2160 456 2243 corrogaret.
505 2155 556 2220 Ita
584 2161 668 2222 certe
697 2180 735 2221 ex
765 2156 979 2236 Quintiliano,
1006 2177 1094 2238 prae·

82 2249 197 2328 ceptore
225 2267 313 2329 mec,
340 2247 466 2312 audisse
489 2247 629 2310 memini.
673 2245 836 2310 Narrabat
858 2246 925 2309 ille:
962 2243 1095 2309 ‘Adseo
1114 2259 1149 2309 10

79 2334 161 2400 taber
177 2335 359 2400 Domitium
378 2333 502 2400 Afrum.
532 2333 613 2400 Cum
636 2337 722 2420 apud
741 2335 957 2400 centumviros
976 2335 1095 2400 diceret

43 2421 1095 2598 2„Kttsshlltlhttdtmflhtfitllttthtllf

73 2600 257 2668 Admiratus
279 2603 417 2668 reticuit.
459 2603 525 2669 Ubi
548 2603 712 2668 silentium
730 2604 852 2668 factum
876 2607 937 2687 est,
956 2601 1095 2686 repetiit,

73 2740 148 2747 ——

43 1257 47 1289 l

140 2816 175 2870 1*
194 2816 361 2871 convenitur
386 2833 404 2870 a
423 2815 570 2870 conductis
594 2819 622 2900 et
645 2815 799 2884 redemptis
818 2815 849 2898 in
867 2814 962 2868 media
981 2815 1012 2868 F
1032 2817 1091 2898 (ora.

69 2889 292 3029 rzdtplut.
312 2888 466 3030 ἓΐὲοὲζές,
486 2888 621 3013 ululet}
639 2887 1095 3028 ,t,tribulandum

68 3033 180 3086 venitur
204 3031 346 3102 (convenit
363 3034 389 3101 r)
413 3048 430 3085 a
451 3031 598 3086 conductis
622 3033 651 3085 et
674 3031 828 3099 redemptis
847 3030 878 3083 in
896 3030 991 3083 media
1010 3046 1095 3098 pra,

69 3104 204 3159 conducti
230 3104 259 3155 et
283 3103 437 3172 redempti:
464 3117 597 3172 manceps
625 3102 801 3157 convenitur:
828 3101 858 3154 in
884 3101 980 3155 media
1004 3102 1041 3154 K.
1061 3117 1095 3154 ea

69 3177 107 3231 M
115 3177 220 3243 VDs,
239 3174 371 3228 conducti
390 3177 420 3229 et
438 3175 594 3242 redempti3
612 3189 746 3241 manceps
766 3173 932 3227 convenitur
950 3173 981 3226 in
999 3172 1094 3227 media

67 3245 201 3302 basilica:
221 3248 281 3300 tam
300 3262 360 3316 epo,
379 3248 414 3314 cf.
433 3247 512 3314 infra
526 3263 627 3316 panop.
646 3249 693 3312 22,
712 3248 729 3298 5
734 3266 745 3311 ;
763 3249 807 3312 30,
826 3248 850 3297 5.
933 3250 948 3298 9
968 3259 1094 3313 sumpse·

67 3322 135 3373 runt
154 3319 315 3387 snpra,
335 3318 506 3386 sumpserint
526 3318 562 3370 M
572 3318 642 3372 VD.
707 3321 741 3369 20
760 3316 875 3369 Larcius
895 3317 923 3371 R
933 3317 1000 3382 Fa,
1023 3316 1094 3380 Otto,

67 3407 92 3445 v.
115 3391 280 3445 Memnonen.
309 3389 368 3445 ind.
392 3391 476 3444 KH
495 3407 526 3458 p.
545 3394 608 3457 416,
640 3388 760 3456 Largius
787 3388 961 3456 MVDpr,
992 3387 1030 3441 K.
1059 3416 1094 3426 —

67 3462 196 3516 Licinius
224 3461 423 3530 RFDpra,
449 3461 524 3530 Otto,
547 3462 582 3528 cf.
607 3461 765 3525 1115,17,
788 3458 902 3512 Licinus
927 3459 1005 3526 MV,
1033 3456 1093 3512 edet.

69 3538 104 3587 26
127 3533 223 3588 audiit
246 3545 303 3600 ας,
329 3532 411 3586 audit
436 3533 474 3587 K.
568 3537 601 3588 26
627 3530 680 3586 ubi
706 3529 763 3586 sibi
787 3530 938 3586 silentium
964 3529 1038 3586 RF.
1060 3558 1096 3566 -

63 3604 170 3670 repetit
184 3603 224 3656 K,
237 3604 281 3689 L(
293 3605 382 3660 aare.
