2400 3862
130 207 194 274 136
567 203 596 258 c.
615 202 715 258 mnu

128 367 341 434 Nominatum
371 367 471 432 fuisse
500 366 675 450 facturum,
708 367 735 432 si
765 386 895 432 causam
927 366 1152 432 Vicetinorum

129 458 240 523 ecdem
264 457 386 539 animo,
414 478 478 540 quo
503 462 696 541 susceperat,
719 455 920 541 pertulisset3
944 457 1021 539 quia
1044 460 1154 521 tamen

129 545 163 610 in
192 546 255 610 hec
289 566 390 632 genus
421 546 534 629 culpae
565 566 632 610 nen
665 545 778 610 fraude
808 544 975 610 incidisset
1004 545 1153 630 nihilque

129 635 263 720 dignum
293 634 568 700 animadversione
597 635 763 700 admisisse
787 635 1040 717 convinceretur,
1075 635 1153 700 libc-

128 724 279 807 randum,
317 724 363 789 ita
393 728 431 788 ut
463 723 634 808 Vicetinis,
666 724 752 808 quod
785 727 965 808 acceperat,
996 724 1184 794 redderetis

93 812 350 880 oAdscnscrunt
374 834 485 877 omnes
507 817 634 896 praeter
652 812 800 877 Flavium
818 811 953 896 Aprum.
999 810 1031 877 Is
1055 815 1153 878 inter-

128 902 298 967 dicendum
329 901 358 967 ei
388 902 651 967 advocationibus
681 903 716 966 in
747 902 1002 986 quinquennium
1027 903 1154 968 censuit

129 996 170 1075 et,
195 991 340 1074 quamvis
363 992 525 1056 neminem
553 991 744 1057 auctoritate
774 991 938 1075 traxisset,
968 994 1154 1056 constanter

129 1081 164 1145 in
187 1080 345 1145 sententia
367 1081 500 1164 mansit3
523 1080 602 1164 quin
625 1080 722 1145 ctiam
745 1079 919 1163 Dextrum,
948 1081 1004 1164 qui
1027 1081 1151 1164 primus

129 1169 291 1234 diversum
321 1174 501 1253 censuerat,
531 1171 658 1254 prelata
687 1171 758 1255 lege
789 1169 828 1234 dc
858 1173 972 1234 senatu
1001 1170 1151 1235 habende
1171 1199 1197 1240 ιι

94 1260 234 1325 eiurare
258 1259 365 1344 coegit
388 1281 404 1323 e
427 1282 461 1324 re
484 1260 615 1342 publica
638 1280 722 1342 esse,
749 1258 837 1343 quod
861 1259 1044 1324 censuisset.
1093 1257 1152 1324 Cui

129 1370 325 1432 quamquam
348 1348 512 1435 legitimae
540 1348 753 1432 postulationi
782 1371 800 1413 a
829 1348 1021 1431 quibusdam
1054 1350 1153 1413 recla-

128 1442 252 1502 matum
290 1440 346 1502 est.
393 1436 597 1521 Exprobrare
636 1437 721 1501 enim
760 1439 904 1502 censenti
942 1437 1152 1502 ambitionem

128 1526 304 1590 videbatur.
363 1524 445 1609 Sed,
485 1527 575 1610 prius
614 1548 709 1610 quam
748 1527 924 1591 sententiae
962 1526 1152 1609 dicerentur,

128 1614 294 1700 Nigrinus,
317 1615 466 1680 tribunus
497 1615 613 1700 plebis,
642 1616 789 1680 recitavit
817 1616 964 1680 libellum
996 1616 1152 1680 disertum
1172 1644 1197 1685 ιι

129 1708 162 1768 et
185 1726 325 1789 gravem,
349 1726 413 1788 quo
438 1708 569 1788 questus
589 1709 638 1770 est
656 1705 764 1769 venire
783 1704 1020 1788 advocationes,
1042 1706 1152 1769 venire

129 1791 226 1857 etiam
248 1793 551 1877 praevaricationes,
581 1794 615 1858 in
644 1795 719 1859 lites
743 1793 837 1877 coiri,
873 1798 905 1858 et
932 1794 1055 1878 gloriae
1078 1796 1151 1859 leco

95 1882 208 1967 vponi
231 1904 269 1946 cx
293 1882 406 1966 spoliis
430 1882 549 1947 civium
572 1904 708 1968 magnos
732 1887 764 1948 et
788 1887 888 1948 statos
913 1883 1043 1947 reditus.
1090 1883 1152 1947 Re·

130 1971 242 2037 citavit
271 1972 378 2055 capita
407 1973 532 2057 legum,
563 1973 730 2037 admonuit
761 1976 889 2037 senatus
920 1968 1153 2054 consultorum,

128 2061 163 2125 in
190 2061 254 2125 fine
284 2060 365 2125 dixit
392 2061 565 2144 petendum
594 2063 634 2126 ab
663 2062 786 2145 optime
810 2062 969 2145 principe,
998 2065 1051 2145 ut,
1076 2062 1153 2145 quia
1170 2090 1197 2131 ao

129 2151 227 2236 leges,
251 2150 328 2233 quia
350 2154 480 2215 senatus
504 2152 652 2216 consulta
675 2154 966 2234 contemnerentur,
988 2151 1058 2234 ipsc
1081 2155 1152 2215 tan·

93 2239 171 2307 8tis
203 2238 292 2304 vitiis
324 2240 512 2305 mederetur.
568 2239 669 2305 Pauci
702 2239 783 2323 dies,
816 2244 848 2305 ct
878 2240 961 2304 liber
993 2239 1152 2324 principis

129 2349 257 2393 severus
278 2333 310 2393 et
327 2332 435 2393 tamen
454 2329 598 2394 moderat
584 2334 650 2394 tus·
673 2330 761 2415 leges
780 2329 901 2414 ipsum3
925 2329 1027 2394 estin
1046 2329 1152 2413 publi-

129 2417 176 2482 cis
209 2416 297 2482 actis
353 2417 455 2571 Quam
488 2441 539 2483 me
571 2419 669 2500 iuvat,
703 2418 831 2502 quod
822 2441 857 2482 m
882 2418 987 2483 causis
1018 2419 1151 2521 agendis

128 2528 196 2570 non
219 2506 315 2570 modo
334 2508 492 2592 pactione,
517 2509 612 2592 donc,
635 2530 774 2591 munere,
798 2530 910 2572 verum
930 2507 1027 2572 ctiam
1047 2507 1150 2573 xeniis
1170 2534 1196 2576 ιι

93 2614 110 2663 9
129 2616 255 2679 semper
248 2589 421 2660 abstinuit
446 2595 582 2681 Oportet
605 2596 744 2698 quidem,
769 2618 850 2680 quac
872 2600 949 2661 sunt
971 2597 1124 2662 inhoncst
1110 2601 1152 2678 ta,

127 2707 195 2751 non
214 2685 306 2769 quasi
324 2684 430 2750 inlicit
416 2689 458 2768 ta,
482 2687 538 2751 sed
557 2688 649 2771 quasi
667 2686 865 2770 pudenda
836 2689 882 2750 ιιι
884 2708 949 2768 are;
972 2686 1149 2750 iucundum

128 2778 251 2858 tamen,
287 2776 316 2838 si
344 2774 508 2858 prohiberi
537 2776 666 2860 publice
696 2776 819 2859 videas,
856 2775 943 2859 quod
972 2796 1151 2859 numquam

76 2882 110 2932 10
128 2864 190 2928 tibi
217 2864 286 2948 ipse
314 2864 504 2946 permiseris.
551 2866 623 2930 Erit
650 2866 800 2946 fortasse,
832 2865 931 2929 immo
959 2886 1026 2928 nen
1054 2864 1151 2929 dubie

127 2952 225 3018 huius
248 2952 416 3036 propositi
436 2954 499 3018 mei
527 2959 559 3019 et
582 2957 689 3019 minor
709 2955 779 3018 laus
809 2957 841 3017 et
864 2953 1032 3018 obscurior
1054 2953 1150 3036 fama,
1169 2981 1195 3021 ac

130 3063 203 3107 cum
235 3063 346 3107 omnes
375 3064 414 3106 ex
441 3045 630 3109 necessitate
661 3044 795 3125 facient,
831 3041 917 3126 quod
945 3064 1005 3127 ego
1035 3047 1151 3126 sponte

129 3130 295 3196 faciebam
341 3129 474 3197 Interim
502 3132 593 3197 fruor
619 3133 734 3215 volupt
735 3135 799 3213 ate,
827 3153 901 3196 cum
925 3132 978 3195 alii
1004 3131 1150 3196 divinum

129 3242 193 3303 me,
223 3220 280 3285 alii
309 3222 388 3287 meis
419 3222 554 3305 rapinis,
590 3243 679 3286 meae
710 3221 862 3285 avaritiae
893 3242 1063 3285 occursum
1093 3243 1151 3305 per

127 3309 241 3374 ludum
265 3332 301 3375 ac
324 3312 432 3376 iocum
456 3310 549 3374 dictit
508 3313 613 3375 ttant
591 3311 749 3375 tVale.

124 3501 125 3505 ,
198 3448 489 3516 ὅριιειθιΕΙιιὶιιιιι
496 3449 633 3533 Aprum
625 3467 650 3503 rs
664 3467 691 3516 a,
710 3450 870 3505 Mommsen
885 3449 942 3503 iad.
955 3465 985 3516 p.
1000 3453 1063 3516 411,
1079 3447 1149 3513 Otto,

107 3517 221 3584 Muell
238 3537 285 3587 pr,
299 3520 518 3578 FabiumA.1s
534 3523 579 3592 M,
595 3523 632 3578 K.
635 3540 704 3593 ,.pr
714 3521 851 3576 lacrumis
866 3521 935 3647 Dp,
950 3521 1150 3587 praeterquam

92 3560 238 3640 Lacerriis
258 3591 418 3666 (Licinius)
439 3609 489 3653 νς.
