2400 3862
338 200 599 255 EPISTULARUM
612 200 656 255 IV
674 207 789 256 24-27.
888 261 891 266 ,
1013 207 1077 272 113

53 364 212 449 Poposcit
239 362 388 447 tabellas,
422 362 532 428 stilum
562 365 698 449 accepit,
731 364 860 430 demisit
886 369 1000 450 caput,
1023 389 1076 432 ne

53 454 177 519 minem
196 457 335 536 veretur,
352 474 387 518 se
406 454 593 519 contemnit.
629 452 708 519 Inde
726 455 789 520 ista
805 454 946 520 ludibria
964 476 1078 521 scaena

55 547 86 608 et
108 542 241 627 pulpito
266 541 371 628 digna.
418 540 489 618 Quo
516 546 549 608 te
576 543 704 610 vertas?
731 566 814 628 quac
839 545 981 610 remedia
1004 562 1113 612 oon-o

57 631 189 716 quires?
220 630 342 714 ubique
372 631 453 696 vitia
479 632 627 698 remediis
656 633 800 698 fortiora.
849 631 948 699 Ἀλλὰ
974 642 1078 700 ταῦτα

30 732 100 807 ιτῷ
124 720 213 806 ὑπὲρ
236 721 321 804 ἡμᾶς
343 723 493 804 μελήσει,
516 723 568 786 cui
591 723 729 788 multum
749 722 866 788 cotidie
883 723 1078 810 vigiliarum,

56 811 198 875 multum
221 809 342 874 laboris
366 809 464 875 adicit
481 810 561 876 haec
578 816 690 876 nostra
707 812 793 877 iners
811 815 844 877 et
861 815 970 878 tamen
988 813 1078 878 effre·

55 904 132 964 nata
154 899 343 983 petulantia.
390 898 478 965 Vale.

514 1065 621 1124 XXVI.
728 1064 731 1069 ’

239 1190 269 1243 0.
283 1191 432 1242 PLINIUS
451 1192 606 1242 METILIO
625 1193 762 1243 NEPOTI
781 1192 851 1242 SUO
871 1192 899 1242 S.

18 1331 40 1370 lo
119 1308 223 1393 Petis,
249 1313 287 1374 ut
308 1309 436 1374 libellos
459 1330 562 1392 meos,
591 1331 671 1392 quos
695 1309 928 1374 studiosissime
951 1328 1112 1395 compa-1

54 1399 148 1481 rasti,
189 1398 343 1484 legendos
384 1398 724 1485 recognoscendosque
767 1420 884 1464 curem.
940 1398 1078 1465 Faciam.

55 1487 141 1565 Quid
177 1488 262 1552 enim
296 1487 450 1552 libentius
485 1489 646 1572 suscipere
676 1488 793 1571 debeo,
826 1492 858 1553 te
890 1490 1077 1573 praesertim

55 1577 227 1663 exigente?
252 1575 353 1659 Nam,
376 1599 449 1642 cum
472 1578 522 1641 vir
545 1577 767 1664 gravissimus,
790 1578 1008 1662 doctissimus,
1032 1577 1113 1643 ‹li-2

56 1666 268 1748 sertissimus,
296 1668 493 1749 superhaec
516 1666 796 1751 occupatissimus,
824 1668 982 1733 maximae
1005 1690 1077 1752 pro

16 1776 38 1817 n
55 1756 182 1821 vinciae
204 1755 410 1839 praefuturus
437 1755 520 1819 tanti
546 1760 640 1839 putes
668 1757 788 1840 scripta
810 1761 922 1822 nostra
944 1758 1078 1823 circum·

55 1845 140 1909 ferre
163 1849 279 1927 tecum,
298 1847 417 1927 quanto
437 1866 532 1928 opere
551 1845 632 1909 mihi
650 1845 884 1930 providendum
907 1850 965 1928 est,
987 1869 1028 1911 ne
1046 1849 1078 1910 te

55 1934 137 1999 haec
170 1955 243 2016 pers
272 1933 469 1998 sarcinarum
501 1938 667 2018 tamquam
698 1956 897 2018 supervacua
925 1935 1078 2000 offendat!

56 2021 198 2087 Adnitar
220 2043 311 2107 ergo,
334 2023 476 2106 primum
498 2027 537 2087 ut
559 2024 691 2088 comites
715 2025 795 2088 istos
819 2044 916 2107 quam
939 2043 1079 2088 commo·
1097 2038 1113 2085 3

57 2113 208 2177 dissimos
227 2111 355 2194 habeas,
379 2111 492 2176 deinde
511 2116 548 2177 ut
566 2133 712 2177 reversus
731 2113 884 2194 invenies,
909 2112 1079 2194 quesistis

13 2221 39 2262 ro
57 2201 174 2266 addere
205 2200 293 2266 velis.
340 2199 454 2285 Neque
487 2202 572 2266 enim
605 2201 810 2266 mediocriter
841 2222 892 2264 me
924 2200 965 2264 ad
995 2223 1080 2266 nova

57 2293 215 2375 operatu
237 2291 341 2355 lector
362 2291 509 2354 hortaris.
555 2290 644 2357 Vade.

505 2473 628 2533 XXVII.

225 2599 256 2650 C.
270 2598 419 2650 PLINIUS
437 2599 601 2651 POMPEIO
620 2598 781 2650 FALCONI
800 2600 869 2652 SUO
890 2601 917 2652 S.

120 2716 248 2782 Tertius
282 2717 349 2783 dies
382 2721 446 2800 est,
478 2718 564 2801 quod
596 2717 706 2782 audivi
736 2717 925 2783 recitantem
954 2716 1112 2783 Seriumr

12 2829 38 2869 ra
57 2805 264 2892 Augurinum
294 2829 368 2872 cum
395 2828 521 2871 summa
548 2829 620 2871 mea
646 2808 826 2891 voluptate,
854 2808 953 2872 immo
982 2807 1078 2871 etiam

58 2896 279 2960 admiratione.
316 2894 483 2961 Poematia
500 2897 652 2981 appellat.
689 2895 793 2961 Multa
806 2897 954 2980 tenuiter,
977 2897 1080 2960 multa

58 2986 250 3068 sublimiter,
273 2987 377 3050 multa
395 2990 538 3070 venuste,
557 2986 660 3050 multa
677 2989 794 3070 tenere,
813 2986 917 3050 multa
935 2985 1079 3068 dulciter,

130 3168 143 3215 1
159 3160 282 3215 tabellas
298 3162 450 3231 RDpra,
467 3162 537 3229 Otto,
552 3160 786 3232 serpentulus
801 3161 837 3226 F,
851 3158 988 3214 tabellam
1002 3161 1037 3214 M
1048 3160 1080 3226 V,

57 3234 130 3302 culp.
217 3237 232 3286 9
256 3232 367 3287 Metilio
391 3249 425 3288 ce
446 3234 503 3288 solo
526 3235 564 3300 R,
587 3234 636 3302 qui
657 3233 738 3287 babet
759 3234 791 3286 in
813 3233 905 3286 iods'ce
928 3231 963 3284 ad
985 3231 1079 3307 chil.

58 3306 197 3373 nepotem.
336 3311 369 3358 11
393 3303 529 3373 legendos
551 3303 849 3374 recognoscendosque
873 3305 912 3357 Μ
919 3303 949 3369 V,
973 3302 1011 3357 K.
1027 3303 1080 3369 11,

57 3375 298 3445 recognoscendos
324 3375 571 3445 emendandosque
597 3377 715 3445 Dpro‚
741 3374 820 3440 K.I,
846 3374 945 3428 Mucii.
971 3379 1081 3429 auctore

60 3447 121 3501 Otto
135 3450 197 3512 301,
210 3447 258 3501 sed
271 3447 307 3513 cf.
322 3448 379 3502 111
389 3452 463 3514 15,1
479 3449 554 3503 etad
571 3448 647 3505 Trai.
661 3452 698 3502 47
711 3448 782 3514 (56),
797 3452 821 3499 1.
896 3450 929 3498 12
944 3461 1015 3498 susc.
1030 3443 1080 3498 lib.

57 3518 169 3587 Dpro,
189 3517 237 3584 K,
256 3519 354 3573 MueII.
438 3523 472 3572 24
492 3518 603 3592 derium
621 3523 734 3577 doctore
752 3517 910 3592 Borqbesio
927 3517 1103 3574 moerore.

52 3589 107 3639 r'not
122 3604 154 3653 p.
169 3592 230 3654 425,
250 3588 381 3645 Sentium
399 3592 474 3668 vulp.
600 3650 603 3657 ,
1117 3630 1120 3635 -

87 3688 195 3731 Peneus
207 3693 298 3736 uncos
310 3701 357 3741 nn.
371 3702 506 3750 Kuxuu.
533 3727 535 3732 ·
954 3702 977 3752 b
