2400 3862
351 179 610 234 EPISTULARUM
628 179 668 233 IV
688 185 803 236 16-18.
1020 186 1083 252 107

64 342 154 425 Nam,
180 364 257 408 cum
281 342 366 406 forte
389 342 539 407 debonis
562 343 732 408 iuvenibus
756 344 842 428 apud
860 342 1002 409 Nervam
1026 345 1084 410 im·
1104 361 1120 411 8

62 436 245 516 peratorem
278 453 383 496 sermo
416 432 581 497 incidisset
611 437 643 497 et
677 433 823 517 plerique
851 456 902 497 me
934 433 1084 499 laudibus

62 523 197 604 ferrent,
220 520 387 604 paulisper
409 544 442 586 se
466 522 551 586 intra
579 522 743 587 silentium
772 523 890 605 tenuit,
920 523 1007 606 quod
1035 523 1085 587 illi

62 611 239 694 plurimum
263 610 464 674 auctoritatis
488 611 638 695 addebat3
663 611 776 676 deinde
795 613 962 697 gravitate,
987 634 1084 696 quam

42 721 153 770 snoras
173 696 329 764 ‘Necesse
355 700 417 764 est’
445 700 551 783 inquit
570 697 710 784 ‘parcius
740 700 869 765 leudem
891 699 1084 784 Secundum,

63 789 135 872 quia
158 787 247 852 nihil
269 788 332 852 nisi
351 811 391 853 ex
410 790 545 854 consilio
562 812 633 854 meo
648 787 741 854 facit?
783 789 853 866 Qua
870 812 949 855 voce
968 790 1084 854 tribuit
1104 806 1120 854 9

64 879 152 960 mihi,
178 881 338 960 quantum
361 881 469 962 petere
492 883 569 943 voto
592 879 792 944 inmodicum
816 882 896 961 erat,
920 880 1003 944 nihil
1033 902 1084 944 me

63 967 167 1032 facere
191 986 259 1030 non
282 966 531 1050 sapientissime,
562 989 634 1032 oum
658 968 767 1032 omnia
800 990 840 1032 ex
870 969 1005 1033 consilio
1032 990 1085 1039 sa·

62 1055 257 1140 pientissimi
289 1056 351 1119 viri
382 1056 529 1121 facerem.
582 1055 667 1132 Quin
700 1057 796 1121 etiam
829 1057 968 1122 moriens
998 1058 1084 1123 filiae

34 1166 135 1215 ssuae
170 1142 257 1229 (ipsa
280 1145 363 1209 solet
384 1142 596 1230 praedicare):
645 1142 780 1210 ‘Multos
805 1146 935 1230 quidem
963 1147 1084 1212 amicos

62 1234 119 1299 tibi
142 1237 182 1298 ut
205 1234 353 1318 longiore
375 1234 442 1298 vita
460 1235 585 1318 paravi,
613 1235 804 1318 praecipuos
835 1239 943 1299 tamen
967 1233 1084 1300 Secun-

63 1324 137 1388 dum
164 1327 196 1387 et
212 1319 406 1387 Cornutum?
457 1323 549 1400 Quod
565 1345 638 1388 cum
657 1324 815 1407 recordor,
834 1323 989 1410 intellego
1004 1324 1085 1388 mihi
1105 1340 1138 1389 10

61 1411 286 1495 laborandum,
309 1434 349 1477 ne
373 1435 437 1495 qua
459 1417 551 1496 parte
570 1411 680 1476 videar
701 1413 786 1477 hanc
805 1413 843 1477 de
863 1435 913 1477 me
932 1413 1085 1477 fiduciam

62 1501 338 1586 providentissimi
361 1502 423 1565 viri
446 1502 637 1566 destituisse.
691 1500 796 1578 Quare
827 1523 887 1587 ego
917 1523 994 1566 vero
1026 1500 1084 1567 Oo—
1105 1518 1138 1566 11

32 1591 174 1672 isfflrelliae
193 1590 290 1654 adero
305 1591 547 1674 promptissime
565 1613 625 1656 nec
639 1591 745 1677 subire
761 1591 902 1656 offensas
915 1592 1085 1677 recusabo3

63 1702 270 1765 quamquam*
284 1701 351 1744 non
374 1681 479 1744 solum
493 1679 619 1746 veniam
634 1703 700 1766 me,
715 1703 826 1745 verum
846 1681 943 1745 etiam
956 1681 1084 1747 laudem

62 1769 148 1855 apud
171 1770 272 1833 istum
295 1768 412 1852 ipsum,
457 1791 476 1832 a
500 1791 573 1853 quo,
597 1773 634 1833 ut
651 1771 709 1852 ais,
730 1791 815 1835 nove
833 1770 873 1833 lis
892 1771 1029 1835 fortasse
1047 1776 1085 1836 ut

61 1859 202 1923 feminae
234 1858 425 1941 intenditur,
463 1857 601 1923 arbitror
645 1863 903 1941 consecuturum,
946 1860 973 1924 si
1005 1860 1085 1925 haec

62 1948 174 2012 eadem
197 1947 233 2010 in
247 1948 381 2030 actione,
404 1949 501 2012 latius
517 1948 640 2013 scilicet
654 1952 686 2012 et
699 1947 840 2030 uberius,
855 1969 952 2031 quam
967 1948 1085 2030 epistu-

27 2061 47 2102 rs
60 2037 167 2100 larum
186 2037 354 2122 angustiae
372 2037 492 2120 sinunt,
510 2038 684 2123 contigerit
708 2037 789 2101 mihi
819 2036 872 2100 vel
897 2036 931 2099 in
957 2058 1086 2101 excusa-

62 2127 186 2191 tionem
201 2126 366 2189 ueletiam
381 2126 692 2191 commendationem
711 2148 816 2190 meam
835 2124 949 2189 dicere.
995 2125 1084 2190 Vale.

516 2290 627 2351 XVIII.

245 2415 276 2466 c.
290 2391 568 2497 Pururusimuuo
588 2416 777 2468 suroruno
798 2415 866 2467 suo
887 2416 915 2466 s.

120 2515 399 2593 Quemadmodum
413 2517 516 2602 magis
531 2517 708 2602 adprobare
727 2514 787 2580 tibi
805 2537 947 2600 possum,
962 2522 1084 2601 quanto
1106 2532 1119 2577 1

21 2631 44 2672 ss
62 2628 160 2690 opere
179 2605 276 2669 mirer
290 2605 523 2691 epigrammata
545 2611 601 2670 tua
616 2603 745 2688 Graeca,
769 2626 864 2688 quam
885 2606 971 2688 quod
991 2627 1085 2689 quae-

61 2697 138 2760 dam
161 2694 276 2759 Latine
299 2695 453 2759 aemulari
477 2698 508 2758 et
532 2695 710 2778 exprimere
733 2694 910 2778 temptavi?
938 2695 972 2758 in
1001 2695 1085 2758 dete-

60 2785 128 2849 rius
154 2783 291 2866 quidem.
328 2782 457 2849 Accidit
479 2784 542 2849 hoc
565 2783 706 2868 primum
723 2784 945 2849 imbecillitate
964 2783 1086 2869 ingenii

62 2875 135 2956 mei,
155 2873 268 2937 deinde
286 2873 397 2957 inopia
411 2895 448 2938 ac
461 2872 581 2956 potius,
594 2877 632 2937 ut
645 2872 813 2938 Lucretius
828 2873 882 2954 ait,
898 2872 1085 2957 ‘egestate

61 2962 184 3046 patrii
206 2959 410 3026 sermonis?
458 2962 581 3039 Quodsi
602 2961 693 3045 haec,
716 2983 797 3045 quae
820 2964 897 3025 sunt
920 2964 952 3024 et
969 2960 1120 3025 Latinas

20 3076 45 3116 so
63 3055 96 3116 et
125 3073 210 3133 mea,
247 3051 365 3115 habere
401 3052 462 3116 tibi
499 3051 622 3135 aliquid
663 3051 841 3116 venustatis
882 3049 1086 3133 videbuntur,

136 3214 170 3263 10
189 3211 223 3262 ut
236 3209 299 3276 ipsa
313 3209 427 3278 Ipsa,
447 3209 520 3275 K.I,
537 3209 612 3275 Otto,
628 3209 737 3275 Maeli,
754 3207 818 3276 ipsa
832 3209 890 3261 reli.
965 3212 997 3260 12
1018 3208 1085 3260 dum

62 3297 197 3350 procum
216 3281 359 3350 RFprc.
456 3285 490 3334 20
509 3280 607 3334 sinunt
626 3311 658 3319 -
679 3285 712 3333 21
733 3279 826 3332 dicere
846 3279 993 3348 RFpra,
1015 3280 1085 3345 ouo,

64 3353 174 3419 Maeli,
199 3351 297 3405 sinunt
320 3351 365 3406 vel
390 3352 420 3404 in
445 3351 655 3406 excusationem
680 3349 725 3404 vel
751 3350 836 3403 etiam
865 3349 1086 3404 commendatio-

63 3441 128 3477 nem
147 3439 240 3478 meam
259 3423 354 3478 dixero
373 3425 412 3490 D,
432 3424 481 3490 K„
503 3423 600 3476 sinunt
617 3421 662 3476 vel
680 3421 710 3474 in
729 3437 821 3474 exous.
840 3439 876 3475 m.
892 3421 987 3475 dixero
1008 3422 1085 3475 MV.

65 3499 99 3548 23
119 3495 201 3550 Arrio
215 3511 248 3549 ea
262 3497 298 3550 R.
372 3501 405 3548 27
425 3494 541 3563 quidem
560 3495 711 3565 RFprc‚
731 3491 840 3566 Stuuql,
863 3493 976 3561 Mucii,
990 3494 1098 3546 tamen

62 3567 104 3618 M
112 3566 204 3630 VDs‘,
223 3567 261 3618 K,
336 3571 372 3620 28
389 3567 475 3623 Isucr.
490 3568 515 3624 I
527 3571 592 3626 832.
