2400 3862
104 201 168 266 160
542 196 572 254 o.
590 197 690 251 rnnu

102 362 260 425 monibus.
296 360 456 425 Proximis
472 358 612 424 eomitiis
626 359 869 424 honestissimas
883 380 979 426 voees
994 366 1128 428 senatus

102 451 272 534 expressit:
305 447 491 514 ‘Candidati
518 471 559 512 ne
582 450 806 532 conviventur,
837 471 878 512 ne
901 449 1036 514 mittant
1059 473 1128 516 mu-

67 556 192 623 ruera,
219 561 259 603 ne
287 539 439 622 pecunias
469 538 652 621 deponant?
703 538 755 602 Ex
782 538 899 622 quibus
928 537 994 603 duo
1017 540 1130 624 priora

102 634 168 693 tam
190 631 299 712 aperte
314 649 410 711 quam
430 627 592 691 inmodice
606 627 739 711 fiebant,
762 628 826 692 hoo
844 626 991 711 tertium,
1015 649 1129 712 quam·

67 734 83 782 3
103 740 200 801 quam
220 718 449 799 occultaretur,
472 738 531 800 pro
551 724 716 800 oomperto
735 717 921 782 habebatur.
949 715 1128 785 Homullus
1146 741 1160 782 a

102 807 216 870 deinde
249 810 360 870 noster
391 806 564 891 vigilanter
601 827 678 870 usus
709 805 772 871 hoe
804 827 962 871 eonsensu
996 812 1128 874 senatus

102 896 279 960 sententiae
301 896 374 960 loeo
398 895 590 978 postulavit,
612 899 649 958 ut
672 896 819 960 eonsules
839 896 1033 962 desiderium
1056 898 1127 962 uni-

101 1006 267 1049 versorum
295 989 409 1049 notum
442 984 582 1068 prinoipi
612 983 755 1048 facerent
783 988 1008 1070 peterentque,
1035 986 1122 1052 siout

102 1072 173 1137 aliis
207 1073 295 1138 vitiis
327 1074 404 1138 huie
442 1094 571 1156 quoque
603 1073 808 1157 providentia
839 1095 897 1139 sua
935 1080 1123 1140 ooeurreret

65 1178 82 1225 4
102 1160 263 1247 Ooourrit3
285 1184 361 1227 nam
380 1166 527 1246 sumptus
547 1163 790 1228 candidatorum
809 1163 920 1227 foedos
939 1164 1014 1230 illos
1032 1165 1124 1230 etin·
1144 1186 1171 1227 ro

101 1252 203 1317 fames
227 1253 369 1317 ambitus
392 1251 464 1337 lege
486 1251 666 1317 restrinxit:
699 1252 826 1316 eosdem
850 1253 1040 1336 patrimonii
1060 1257 1124 1320 ter·

101 1343 181 1406 tiam
206 1345 329 1425 partem
355 1341 500 1406 conferre
529 1342 624 1406 iussit
647 1342 682 1404 in
705 1363 755 1424 ea,
783 1362 865 1424 quae
889 1342 958 1407 solo
983 1342 1125 1408 eontine-

102 1436 226 1513 rentur,
249 1431 392 1497 deforme
417 1430 604 1514 arbitratus,
627 1435 665 1495 ut
688 1435 770 1512 erat,
791 1430 949 1494 honorem
968 1432 1127 1514 petituros

102 1521 216 1584 urbem
230 1518 422 1602 Italiamque
445 1541 512 1584 non
530 1542 589 1603 pro
613 1520 730 1604 patria,
755 1519 810 1582 sed
829 1540 888 1602 pro
907 1520 1053 1604 hospitio
1073 1526 1129 1587 aut

67 1609 230 1672 estabulo
259 1609 352 1691 quasi
379 1609 621 1693 peregrinantes
649 1608 775 1672 habere.
823 1606 1026 1673 Concursant
1049 1633 1127 1697 ergo
1147 1631 1172 1674 rs

102 1697 276 1762 candidati:
301 1696 461 1778 certatim,
481 1696 637 1779 quidquid
652 1697 763 1760 venale
778 1697 928 1780 audiunt,
946 1699 1129 1784 emptitant,

67 1802 230 1869 equoque
254 1786 320 1849 sint
342 1786 436 1868 plura
460 1786 599 1868 venalia,
623 1785 776 1849 efficiunt.
822 1784 976 1869 Proinde,
1004 1789 1032 1853 si
1055 1811 1128 1873 pae

102 1875 185 1940 nitet
207 1879 239 1939 te
262 1872 450 1939 Italicorum
479 1875 699 1957 praediorum,
726 1875 789 1939 hoo
811 1875 970 1940 vendendi
997 1881 1127 1962 tempus

102 1970 168 2030 tam
183 1966 314 2030 hercule
329 1985 426 2047 quam
441 1963 475 2027 in
490 1963 665 2047 provinoiis
681 1964 903 2047 comparandi,
928 1965 1006 2029 dum
1029 1966 1128 2033 iidem

103 2054 265 2121 candidati
288 2053 355 2118 illio
377 2053 535 2135 vendunt,
558 2055 595 2117 ut
617 2051 671 2116 hio
694 2058 811 2118 emant.
857 2052 947 2118 Vale.
1147 2080 1172 2119 so

582 2217 645 2277 XX„

371 2329 402 2379 O.
417 2327 564 2378 PLINIUS
584 2326 718 2378 TACITO
740 2328 809 2380 SUO
830 2330 857 2382 S.

68 2463 82 2509 1
171 2443 229 2509 Ais
244 2449 276 2509 te
296 2446 471 2512 adductum
485 2445 618 2528 litteris,
639 2466 718 2528 quas
734 2446 876 2533 exigenti
894 2447 955 2511 tibi
970 2448 1010 2511 de
1024 2452 1128 2513 morte

104 2535 255 2598 avunouli
279 2536 343 2598 mei
366 2536 496 2619 scripsi,
519 2556 636 2617 eupere
660 2555 865 2620 eognoseere,
888 2556 968 2616 quos
993 2555 1053 2618 ego
1068 2536 1128 2600 Mi-

105 2624 173 2689 seni
196 2624 327 2687 reliotus
349 2622 395 2708 (id
417 2626 503 2688 enim
526 2624 691 2709 ingressus
710 2619 915 2709 abruperam)
933 2641 1000 2684 non
1019 2622 1125 2687 solum
1147 2647 1173 2689 aa

105 2718 223 2795 metus,
260 2733 371 2776 verum
402 2715 499 2778 etiam
530 2734 622 2778 oasus
653 2714 853 2798 pertulerim:
883 2709 1125 2791 ‘quamquam

105 2805 253 2867 animus
276 2801 497 2866 meminisse
520 2802 666 2885 horret,
691 2797 895 2884 incipiam?

69 2908 85 2956 2
172 2892 322 2955 Profeoto
353 2892 512 2954 avunoulo
545 2893 613 2975 ipse
650 2892 810 2974 reliquum
845 2891 974 2972 tempus
1012 2886 1125 2952 studiis

106 2978 192 3066 (ideo
212 2982 295 3044 enim
315 2977 545 3066 remanseram)
568 2980 725 3065 impendi3
747 2999 824 3042 mox
842 2976 1019 3057 balineum,
1038 2999 1127 3056 eona,

177 3233 190 3278 1
211 3225 410 3280 honestissima
428 3240 496 3277 voce
515 3226 601 3295 Dpr.
697 3230 731 3279 10
750 3224 974 3292 candidatomm,
993 3224 1067 3279 foed.
1086 3223 1126 3277 ill.

105 3299 133 3352 et
151 3297 201 3350 inf.
223 3298 355 3364 ambitus,
373 3295 436 3365 lege
457 3297 618 3352 Mommsen.
733 3296 764 3350 1'1
785 3298 956 3366 patrimonio
978 3298 1020 3363 M,
1038 3297 1127 3365 patri-

104 3369 261 3422 moniorum
282 3368 364 3423 Gertz
382 3369 420 3422 ad
438 3367 500 3422 Sea.
521 3368 588 3422 dial.
610 3369 712 3434 V111,
732 3373 755 3422 1.
868 3374 901 3422 13
920 3371 954 3422 ut
972 3381 1027 3434 s'a,
1049 3369 1087 3422 K.
1102 3369 1127 3431 I,

106 3442 134 3495 et
152 3441 211 3495 rell.
289 3447 322 3494 14
341 3438 485 3510 propriam
504 3457 528 3506 r,
546 3456 598 3508 pro
617 3440 712 3508 patria
730 3441 789 3496 rell.
809 3496 813 3503 ,
868 3439 920 3495 17·
939 3456 1051 3508 quoque
1070 3439 1128 3491 sint

93 3513 257 3577 Mam,
283 3514 316 3566 ut
330 3513 390 3566 sint
406 3528 518 3582 quoque
535 3529 561 3579 a,
583 3528 638 3580 quo
656 3514 691 3565 ut
707 3512 766 3566 'sint
783 3513 920 3579 Momma,
941 3513 1029 3580 utque
1048 3509 1127 3564 sint?

80 3580 231 3644 -plnns
249 3595 273 3639 ε.
354 3591 392 3640 26
418 3585 701 3660 Ver9.Aeu.1112.
768 3622 771 3629 ·
