2400 3862
106 184 168 248 188
542 179 571 235 c.
589 179 688 233 nuru

105 370 144 410 ex
163 345 375 429 septingentis
395 343 539 423 milibus,
564 343 676 426 quanti
695 344 769 408 illos
789 366 808 407 a
825 343 942 407 liberto
959 366 1045 426 meo,
1070 346 1127 410 sed

104 459 144 500 ex
166 433 353 520 nongentis,
383 434 495 517 quanti
520 455 538 496 a
561 430 743 516 publicanis
767 436 892 516 partem
916 432 1127 499 vicensimam

67 525 218 590 aemisti
259 521 401 587 Invicem
425 544 485 608 ego
509 526 542 586 et
564 543 644 608 rogo
669 526 700 586 et
723 522 833 607 exigo,
857 526 907 604 ut,
930 544 996 588 non
1019 525 1127 588 solnm

104 614 181 698 quid
200 619 246 695 te,
269 634 381 676 verum
401 612 497 675 etiam
517 611 595 696 quid
610 633 660 676 me
680 611 804 694 deceat,
827 612 964 694 aspicias
978 612 1128 696 patiaris-

105 726 165 787 que
190 725 240 766 me
263 702 297 764 in
320 703 382 766 hoc
405 723 470 766 uno
494 701 555 764 tibi
579 701 690 765 eodem
710 701 817 765 animo
841 722 1035 786 repugnare,
1061 724 1158 785 quoe

104 794 137 856 in
162 791 309 856 omnibus
335 792 468 874 obsequi
492 791 589 855 soleo.
636 789 725 855 Vale.

582 956 646 1014 XV.

335 1082 366 1132 C.
382 1082 529 1132 PLINIUS
550 1082 756 1133 SATURNINO
778 1084 847 1134 SUO
868 1084 895 1133 S.

68 1216 80 1262 1
169 1200 332 1284 Requiris,
351 1200 429 1283 quid
448 1221 550 1284 agam.
575 1199 662 1277 Quae
682 1201 776 1265 nosti
800 1200 988 1286 Distringcr
1006 1202 1128 1284 officio,

102 1291 212 1356 amicis
236 1290 395 1371 deservio,
418 1288 531 1353 studeo
555 1289 730 1373 interdum,
754 1290 841 1373 quod
864 1312 930 1354 non
953 1291 1126 1374 interdum,
1145 1314 1169 1353 ιο

102 1381 157 1454 sed
181 1381 285 1444 solum
310 1400 498 1462 semperque
522 1379 640 1461 facere,
662 1401 728 1442 non
747 1379 848 1443 audeo
868 1379 973 1444 dicere
996 1380 1127 1464 rectius,

65 1474 186 1534 acerte
209 1469 333 1532 beatius
358 1471 433 1532 erat.
480 1467 662 1532 Te'omnia
690 1469 767 1551 alia,
797 1489 894 1550 quam
923 1489 1005 1551 quae
1033 1469 1126 1552 velis,

102 1581 195 1643 agere
214 1559 347 1622 moleste
370 1557 502 1639 ferrem,
524 1557 587 1620 nisi
611 1580 660 1639 ea,
685 1579 766 1640 quae
789 1558 872 1644 agis,
896 1561 1003 1622 essent
1026 1558 1125 1623 hone

101 1648 249 1710 stissima.
296 1645 381 1710 Nam
405 1650 437 1709 et
460 1647 506 1709 rei
530 1647 679 1729 publicae
702 1667 778 1710 suae
801 1648 933 1731 negotia
956 1668 1067 1712 curare
1092 1652 1126 1713 et

66 1752 80 1798 3
101 1736 278 1819 disceptare
298 1736 382 1798 inter
405 1736 525 1798 amicos
548 1735 644 1799 laude
668 1734 892 1821 dignissimum
917 1740 973 1800 est.
1020 1736 1126 1802 Prisci
1144 1759 1168 1798 rs

101 1825 205 1889 nostri
229 1824 475 1888 contubernium
504 1824 677 1888 iucundum
708 1825 769 1888 tibi
797 1826 943 1890 futurum
973 1826 1124 1891 sciebam.

100 1915 263 1980 Noveram
287 1913 528 1995 simplicitatem
548 1913 627 1996 eius,
651 1935 803 1978 noveram
823 1916 1025 1998 comitatem3
1048 1937 1125 1980 enn-

101 2004 173 2068 dem
204 2025 286 2085 esse,
319 2002 405 2085 quod
434 2002 540 2066 minus
568 2024 694 2086 noram,
723 2004 943 2088 gratissimum
966 2006 1125 2088 experior,

101 2115 174 2157 cum
196 2097 263 2156 tam
281 2092 420 2156 iucunde
440 2091 621 2156 officiorum
641 2096 826 2156 nostrorum
846 2094 1030 2158 meminisse
1050 2117 1124 2158 eum

101 2184 229 2247 scribas.
276 2181 365 2245 Vale.
1143 2206 1169 2245 20

572 2276 652 2334 XVI.

249 2404 279 2451 C.
295 2403 442 2453 PLINIUS
462 2402 605 2452 FABATO
626 2403 839 2454 PROSOCERO
861 2404 930 2454 SUO
951 2405 978 2453 S.

66 2537 78 2583 1
168 2519 358 2584 Calestrium
377 2520 529 2584 Tironem
548 2520 797 2586 familiarissime
817 2520 917 2606 diligo
937 2525 969 2585 et
988 2522 1124 2604 privatis

64 2609 180 2673 amihi
208 2613 240 2673 et
267 2609 406 2692 publicIs
438 2610 728 2674 necessitudinibus
761 2611 963 2694 implicitum.
1018 2609 1124 2677 Simul

100 2699 324 2781 militavimus,
348 2698 445 2762 simul
464 2704 649 2782 quaestores
670 2698 813 2765 Caesaris
832 2700 960 2765 fuimus.
991 2701 1051 2764 Ille
1071 2724 1122 2766 me
1142 2723 1168 2763 sa

100 2791 134 2853 in
163 2788 331 2852 tribunatu
358 2787 534 2852 liberorum
565 2789 632 2853 iure
658 2789 845 2873 praecessit,
877 2810 936 2874 ego
966 2789 1059 2853 illum
1088 2792 1122 2855 in

99 2883 250 2962 praetura
283 2899 353 2940 sum
387 2883 592 2961 consecutus,
634 2900 706 2943 curn
740 2879 820 2943 mihi
855 2876 971 2943 Caesar
1001 2902 1122 2943 annum

99 2969 282 3032 remisisset.
329 2966 400 3050 Ego
430 2967 464 3029 in
494 2967 587 3031 villas
618 2969 686 3031 eius
720 2989 813 3050 saepe
844 2969 974 3050 secessi,
1003 2969 1059 3032 ille
1087 2971 1122 3033 in

64 3057 196 3120 edomo
240 3078 309 3120 mea
351 3077 445 3138 saepe
488 3057 660 3121 convaluit.
712 3055 775 3121 Hic
817 3078 903 3121 nunc
945 3079 1004 3140 pro
1047 3079 1121 3122 con·

100 3147 168 3210 sule
192 3145 391 3229 provinciam
414 3144 579 3210 Baeticam
606 3168 663 3229 per
694 3145 842 3210 Ticinum
873 3149 921 3210 est
951 3147 1119 3230 petiturus.
1141 3171 1167 3210 so

99 3233 214 3318 Spero,
245 3237 344 3299 immo
375 3234 502 3298 confido
532 3234 627 3299 facile
651 3258 701 3299 me
725 3235 984 3319 impetraturum,
1017 3242 1054 3300 ut
1081 3259 1121 3301 ex

99 3325 212 3388 itinere
236 3325 385 3388 deflectat
407 3324 448 3387 ad
471 3327 515 3407 te,
540 3325 568 3387 si
591 3326 680 3388 voles
703 3324 846 3389 vindIcta
869 3325 1012 3408 liberare,
1038 3347 1119 3408 quos

62 3414 243 3496 sproxime
276 3414 359 3476 inter
392 3414 511 3477 amicos
543 3414 766 3478 manumisisti.
813 3414 905 3478 Nihil
938 3419 999 3498 est,
1032 3415 1119 3498 quod

149 3575 168 3619 5
185 3588 235 3625 me
254 3590 307 3627 om,
328 3573 392 3629 Dr,
471 3580 504 3630 31
526 3575 560 3629 ut
579 3591 631 3631 om.
648 3574 677 3629 D
684 3591 736 3645 pr.
