2400 3862
108 183 150 248 26
543 177 572 233 c.
592 148 691 232 11111

109 343 219 408 cedere
242 341 427 408 auctoritati
451 341 584 407 debeam
605 345 694 425 tuae,
717 341 835 406 rectius
858 345 967 405 tamen
987 340 1134 419 arbitror

55 447 89 496 11
108 434 143 498 in
165 436 307 497 tentare
326 432 450 496 ratione
470 452 567 514 quam
585 431 777 496 auctoritate
796 429 948 514 superari.
982 428 1134 512 Proinde,

108 524 224 587 sinon
247 543 352 586 errare
374 520 498 601 uideor,
527 519 561 584 id
583 520 691 605 ipsum
720 541 816 604 quam
839 521 928 585 veles
951 519 1042 584 brevi
1065 519 1134 603 epi·

109 612 206 694 stula,
243 611 297 675 sed
334 615 443 674 tamen
475 609 579 674 scribe
612 607 827 694 (confirmaris
851 608 937 673 enim
973 607 1132 674 iudicium

109 698 243 784 meum),
276 700 304 763 si
334 721 494 782 erravere,
517 698 741 784 longissimam
764 720 850 782 para.
887 697 975 762 Num
1000 697 1165 781 corrupie

109 795 154 872 te,
178 791 234 873 qui
257 788 329 872 tibi,
354 788 381 853 si
404 788 485 852 mihi
508 788 687 868 accederes,
711 787 817 852 brevis
841 787 999 871 epistulae
1021 807 1133 851 neces-

110 880 251 961 sitatem,
276 879 303 942 si
327 877 526 961 dissentires,
548 877 756 963 longissimae
779 874 945 960 imposui?
985 874 1076 940 Vale.

582 1097 661 1155 XXI.

288 1205 320 1255 C.
334 1205 482 1256 PLINIUS
500 1206 626 1257 PLINIO
645 1205 814 1256 PATERNO
835 1204 904 1255 SUO
925 1203 952 1254 S.

75 1321 89 1367 1
181 1303 228 1369 Ut
251 1304 351 1368 animi
368 1305 418 1369 tui
436 1304 555 1369 iudicio
575 1304 621 1369 sic
640 1307 808 1369 oculorum
822 1304 999 1388 plurimum
1014 1303 1135 1387 tribuo,
1153 1327 1178 1368 11

109 1416 175 1458 non
206 1394 283 1478 quia
313 1394 465 1477 multum,
495 1416 536 1458 ne
566 1393 628 1457 tibi
650 1395 792 1478 placeas,
821 1394 877 1458 sed
905 1393 982 1476 quia
1003 1396 1135 1457 tantum

111 1487 264 1566 quantum
297 1504 357 1568 ego
388 1483 487 1566 sapis3
518 1504 712 1566 quamquam
744 1483 807 1548 hoc
835 1503 965 1566 quoque
992 1482 1135 1546 multum

76 1588 91 1634 2
111 1578 166 1637 est.
205 1571 341 1638 Omissis
361 1572 441 1637 iocis
460 1572 555 1636 credo
575 1570 723 1636 decentes
747 1593 815 1636 esse
839 1593 961 1648 servos,
986 1571 1136 1654 quisunt

110 1664 211 1746 empti
240 1662 322 1726 1111111
352 1684 391 1727 ex
418 1659 553 1725 consilio
582 1664 647 1725 tuo.
695 1658 861 1743 Superest,
887 1664 924 1724 ut
947 1660 1035 1745 frugi
1059 1660 1135 1743 sint,

111 1753 196 1834 quod
228 1751 266 1816 de
296 1750 464 1815 venalibus
492 1748 607 1814 melius
635 1749 766 1813 auribus
795 1771 892 1833 quam
921 1749 1024 1814 oculis
1052 1749 1135 1814 iudi·
1153 1772 1179 1812 rr

111 1845 208 1904 catur.
251 1839 340 1905 Vale.

572 1968 668 2028 XXII.

290 2078 321 2129 C.
336 2078 484 2128 PLINIUS
504 2077 652 2130 CATILIO
673 2077 815 2128 SEVERO
836 2077 904 2127 SUO
925 2077 953 2127 S.

77 2203 90 2249 1
184 2178 248 2241 Diu
272 2179 336 2242 iam
360 2178 394 2241 111
417 2175 629 2242 urbehaereo
654 2175 835 2261 etquidem
855 2176 1020 2240 attonitus.
1057 2174 1137 2241 Per·

111 2268 220 2331 turbat
250 2288 301 2331 me
332 2268 431 2352 longa
463 2270 495 2331 et
518 2268 666 2350 pertinax
693 2263 843 2331 valetudo
868 2263 934 2330 Titi
962 2264 1136 2349 Aristonis,
1155 2288 1181 2329 ro

112 2378 207 2440 quem
236 2356 442 2440 singulariter
465 2359 498 2420 et
521 2356 620 2420 miror
648 2360 680 2420 et
704 2355 813 2440 diligo.
859 2351 953 2419 Nihil
976 2358 1024 2418 est
1048 2355 1137 2419 enim

111 2447 168 2509 illo
188 2445 331 2530 gravius,
352 2445 506 2528 sanctius,
525 2445 666 2528 doctius,
684 2450 722 2510 ut
741 2444 821 2508 mihi
838 2465 905 2508 non
924 2464 1006 2508 unus
1025 2442 1137 2528 homo,

112 2535 168 2600 sed
197 2535 323 2598 litterae
351 2535 439 2617 ipsae
468 2555 643 2618 omnesque
670 2535 773 2599 bonae
805 2537 889 2598 artes
920 2533 954 2596 in
981 2554 1047 2597 uno
1076 2532 1136 2598 ho·

77 2626 197 2693 amine
227 2645 387 2687 summum
416 2624 595 2706 periculum
620 2623 707 2688 adire
731 2623 906 2688 videantur.
954 2620 1136 2704 (11111111-

111 2715 192 2777 ritus
220 2714 275 2777 ille
305 2717 338 2776 et
366 2713 485 2795 privati
508 2714 586 2777 iuris
615 2717 647 2777 et
674 2713 809 2797 publici!
838 2715 994 2795 quantum
1016 2733 1137 2795 rerum,
1155 2734 1182 2774 re

113 2807 269 2885 quantum
294 2802 528 2884 exemplorum,
553 2808 710 2886 quantum
730 2801 931 2885 antiquitatis
951 2801 1053 2864 tenet!
1076 2799 1136 2864 Ni·

112 2892 160 2956 hil
183 2896 244 2974 est,
268 2891 354 2973 quod
378 2892 487 2955 doceri
505 2892 598 2973 velis,
623 2892 708 2975 quod
728 2892 782 2954 ille
805 2891 919 2954 docere
937 2911 1003 2954 non
1017 2889 1136 2973 possit,

112 2982 192 3044 mihi
217 2984 313 3063 certe,
339 2981 487 3063 quotiens
511 2981 634 3063 aliquid
657 2980 802 3045 abditum
827 3000 959 3061 quaere,
986 2979 1137 3043 11111111-

77 3090 224 3138 3111111
249 3074 305 3133 est.
352 3068 421 3133 Iam
441 3074 562 3153 quanta
580 3070 780 3134 sermonibus
805 3068 872 3132 eius
896 3067 990 3150 fides,
1012 3071 1137 3151 quanta

113 3160 301 3242 auctoritas,
325 3181 420 3242 quam
444 3181 554 3242 pressa
577 3166 609 3223 et
633 3159 747 3223 decora
770 3158 946 3221 cunctatio!
976 3156 1053 3240 quid
1077 3160 1136 3241 est,
1156 3180 1182 3220 ao

186 3360 199 3404 1
215 3355 282 3404 tuae
297 3351 416 3405 debeam
430 3353 547 3407 RFra.
621 3357 638 3404 4
657 3349 830 3403 confirmaris
844 3351 906 3415 Ra,
927 3349 1135 3404 confirmaveris

114 3425 142 3477 F
144 3441 166 3491 p
173 3442 196 3490 r,
215 3425 284 3490 Otto,
299 3424 407 3489 Maeli,
422 3421 600 3477 confirmabis
616 3423 654 3475 M
662 3423 716 3486 Vs,
727 3421 775 3485 K,
790 3420 924 3474 confirma
938 3421 976 3474 D.
1032 3427 1136 3475 51111-

112 3512 176 3548 vero
195 3496 340 3562 RFpra,
360 3511 452 3548 errare
472 3496 511 3561 D,
530 3509 622 3547 errare
639 3493 673 3545 M
683 3493 736 3557 Vs,
757 3492 794 3545 K.
869 3497 901 3544 27
923 3491 1017 3545 doceri
1036 3493 1135 3562 RFp,

98 3564 167 3624 Ulla,
187 3566 299 3632 olam,
321 3567 433 3635 Mueld,
454 3565 564 3621 discere
586 3567 625 3622 M
632 3564 777 3631 VDrssc,
796 3563 833 3618 Κ.
