<?xml version="1.0" encoding="UTF-8"?>
<!DOCTYPE html PUBLIC "-//W3C//DTD XHTML 1.0 Transitional//EN"
    "http://www.w3.org/TR/xhtml1/DTD/xhtml1-transitional.dtd">
<html xmlns="http://www.w3.org/1999/xhtml" xml:lang="en" lang="en">
 <head>
  <title>
</title>
<meta http-equiv="Content-Type" content="text/html;charset=utf-8" />
  <meta name='ocr-system' content='tesseract 3.04.00' />
  <meta name='ocr-capabilities' content='ocr_page ocr_carea ocr_par ocr_line ocrx_word'/>
</head>
<body>
  <div class='ocr_page' id='page_1' title='image "./cplinicaecilise00kukugoog_0009.png"; bbox 0 0 2400 3862; ppageno 0'>
   <div class='ocr_carea' id='block_1_1' title="bbox 62 162 673 234">
    <p class='ocr_par' dir='ltr' id='par_1_1' title="bbox 62 162 673 234">
     <span class='ocr_line' id='line_1_1' title="bbox 62 162 673 234; baseline -0.005 -13"><span class='ocrx_word' id='word_1_1' title='bbox 62 174 107 234; x_wconf 86' lang='lat' dir='ltr'><strong>IV</strong></span> <span class='ocrx_word' id='word_1_2' title='bbox 467 162 673 219; x_wconf 77' lang='lat' dir='ltr'>PRAEFATIO</span> 
     </span>
    </p>
   </div>
   <div class='ocr_carea' id='block_1_2' title="bbox 62 334 1091 3197">
    <p class='ocr_par' dir='ltr' id='par_1_2' title="bbox 62 334 1091 3197">
     <span class='ocr_line' id='line_1_2' title="bbox 130 334 1083 412; baseline 0.001 -17"><span class='ocrx_word' id='word_1_3' title='bbox 130 336 171 395; x_wconf 79' lang='lat' dir='ltr'><strong>nt</strong></span> <span class='ocrx_word' id='word_1_4' title='bbox 192 354 277 411; x_wconf 91' lang='lat' dir='ltr'><strong>sane,</strong></span> <span class='ocrx_word' id='word_1_5' title='bbox 300 337 326 397; x_wconf 89' lang='lat' dir='ltr'><strong>si</strong></span> <span class='ocrx_word' id='word_1_6' title='bbox 349 336 415 412; x_wconf 91' lang='lat' dir='ltr'><strong>quis</strong></span> <span class='ocrx_word' id='word_1_7' title='bbox 436 336 469 395; x_wconf 93' lang='lat' dir='ltr'><strong>in</strong></span> <span class='ocrx_word' id='word_1_8' title='bbox 492 334 675 394; x_wconf 90' lang='lat' dir='ltr'><strong>emendando</strong></span> <span class='ocrx_word' id='word_1_9' title='bbox 698 335 796 395; x_wconf 89' lang='lat' dir='ltr'><strong>Plinio</strong></span> <span class='ocrx_word' id='word_1_10' title='bbox 819 335 933 394; x_wconf 82' lang='lat' dir='ltr'><strong>Minore</strong></span> <span class='ocrx_word' id='word_1_11' title='bbox 961 355 1083 412; x_wconf 90' lang='lat' dir='ltr'><strong>operam</strong></span> 
     </span>
     <span class='ocr_line' id='line_1_3' title="bbox 62 425 1083 501; baseline 0 -15"><span class='ocrx_word' id='word_1_12' title='bbox 62 427 198 500; x_wconf 76' lang='lat' dir='ltr'><strong>insumit,</strong></span> <span class='ocrx_word' id='word_1_13' title='bbox 229 428 257 485; x_wconf 89' lang='lat' dir='ltr'><strong>ei</strong></span> <span class='ocrx_word' id='word_1_14' title='bbox 280 445 316 485; x_wconf 86' lang='lat' dir='ltr'><strong>ex</strong></span> <span class='ocrx_word' id='word_1_15' title='bbox 336 426 525 501; x_wconf 89' lang='lat' dir='ltr'><strong>iniquissima</strong></span> <span class='ocrx_word' id='word_1_16' title='bbox 552 425 687 484; x_wconf 88' lang='lat' dir='ltr'><strong>codicum</strong></span> <span class='ocrx_word' id='word_1_17' title='bbox 714 427 883 485; x_wconf 87' lang='lat' dir='ltr'><strong>nostrorum</strong></span> <span class='ocrx_word' id='word_1_18' title='bbox 911 425 1083 486; x_wconf 89' lang='lat' dir='ltr'><strong>condicione</strong></span> 
     </span>
     <span class='ocr_line' id='line_1_4' title="bbox 62 513 1083 593; baseline 0.001 -19"><span class='ocrx_word' id='word_1_19' title='bbox 62 515 143 575; x_wconf 88' lang='lat' dir='ltr'><strong>haud</strong></span> <span class='ocrx_word' id='word_1_20' title='bbox 161 517 285 593; x_wconf 80' lang='lat' dir='ltr'><strong>exiguae</strong></span> <span class='ocrx_word' id='word_1_21' title='bbox 303 517 467 575; x_wconf 88' lang='lat' dir='ltr'><strong>nascuntur</strong></span> <span class='ocrx_word' id='word_1_22' title='bbox 487 513 687 575; x_wconf 85' lang='lat' dir='ltr'><strong>difficultates.</strong></span> <span class='ocrx_word' id='word_1_23' title='bbox 719 514 862 574; x_wconf 75' lang='lat' dir='ltr'><strong>Attamen</strong></span> <span class='ocrx_word' id='word_1_24' title='bbox 881 515 983 590; x_wconf 89' lang='lat' dir='ltr'><strong>eiecta,</strong></span> <span class='ocrx_word' id='word_1_25' title='bbox 1003 516 1083 592; x_wconf 94' lang='lat' dir='ltr'><strong>quod</strong></span> 
     </span>
     <span class='ocr_line' id='line_1_5' title="bbox 63 604 1083 682; baseline 0.001 -17"><span class='ocrx_word' id='word_1_26' title='bbox 63 624 192 681; x_wconf 89' lang='lat' dir='ltr'><strong>aequum</strong></span> <span class='ocrx_word' id='word_1_27' title='bbox 223 605 335 680; x_wconf 88' lang='lat' dir='ltr'><strong>fuerat,</strong></span> <span class='ocrx_word' id='word_1_28' title='bbox 368 604 598 682; x_wconf 79' lang='lat' dir='ltr'><strong>quisquiliarum</strong></span> <span class='ocrx_word' id='word_1_29' title='bbox 629 606 714 665; x_wconf 82' lang='lat' dir='ltr'><strong>varia</strong></span> <span class='ocrx_word' id='word_1_30' title='bbox 745 605 896 682; x_wconf 86' lang='lat' dir='ltr'><strong>farragine</strong></span> <span class='ocrx_word' id='word_1_31' title='bbox 926 605 1083 682; x_wconf 85' lang='lat' dir='ltr'><strong>permultis</strong></span> 
     </span>
     <span class='ocr_line' id='line_1_6' title="bbox 62 692 1084 771; baseline 0.003 -19"><span class='ocrx_word' id='word_1_32' title='bbox 62 694 136 755; x_wconf 90' lang='lat' dir='ltr'><strong>locis</strong></span> <span class='ocrx_word' id='word_1_33' title='bbox 163 694 331 754; x_wconf 83' lang='lat' dir='ltr'><strong>uberiorem</strong></span> <span class='ocrx_word' id='word_1_34' title='bbox 353 693 542 771; x_wconf 88' lang='lat' dir='ltr'><strong>Adparatum</strong></span> <span class='ocrx_word' id='word_1_35' title='bbox 566 692 710 755; x_wconf 81' lang='lat' dir='ltr'><strong>Griticum</strong></span> <span class='ocrx_word' id='word_1_36' title='bbox 738 696 828 771; x_wconf 83' lang='lat' dir='ltr'><strong>atque</strong></span> <span class='ocrx_word' id='word_1_37' title='bbox 855 695 922 771; x_wconf 91' lang='lat' dir='ltr'><strong>ipsa</strong></span> <span class='ocrx_word' id='word_1_38' title='bbox 944 694 1084 755; x_wconf 85' lang='lat' dir='ltr'><strong>videlicet</strong></span> 
     </span>
     <span class='ocr_line' id='line_1_7' title="bbox 64 782 1084 862; baseline 0.002 -19"><span class='ocrx_word' id='word_1_39' title='bbox 64 782 193 844; x_wconf 79' lang='lat' dir='ltr'><strong>Secundi</strong></span> <span class='ocrx_word' id='word_1_40' title='bbox 202 784 293 844; x_wconf 83' lang='lat' dir='ltr'><strong>verba</strong></span> <span class='ocrx_word' id='word_1_41' title='bbox 308 783 511 844; x_wconf 86' lang='lat' dir='ltr'><strong>emendatiora</strong></span> <span class='ocrx_word' id='word_1_42' title='bbox 526 803 616 860; x_wconf 92' lang='lat' dir='ltr'><strong>quam</strong></span> <span class='ocrx_word' id='word_1_43' title='bbox 629 787 743 862; x_wconf 83' lang='lat' dir='ltr'><strong>priores</strong></span> <span class='ocrx_word' id='word_1_44' title='bbox 753 784 880 844; x_wconf 87' lang='lat' dir='ltr'><strong>editores</strong></span> <span class='ocrx_word' id='word_1_45' title='bbox 894 787 1084 862; x_wconf 85' lang='lat' dir='ltr'><strong>proposuisse</strong></span> 
     </span>
     <span class='ocr_line' id='line_1_8' title="bbox 63 873 1085 951; baseline 0.002 -18"><span class='ocrx_word' id='word_1_46' title='bbox 63 892 159 951; x_wconf 78' lang='lat' dir='ltr'><strong>spero</strong></span> <span class='ocrx_word' id='word_1_47' title='bbox 204 873 241 933; x_wconf 93' lang='lat' dir='ltr'><strong>In</strong></span> <span class='ocrx_word' id='word_1_48' title='bbox 264 892 323 950; x_wconf 92' lang='lat' dir='ltr'><strong>quo</strong></span> <span class='ocrx_word' id='word_1_49' title='bbox 347 873 420 951; x_wconf 92' lang='lat' dir='ltr'><strong>quid</strong></span> <span class='ocrx_word' id='word_1_50' title='bbox 441 893 520 949; x_wconf 89' lang='lat' dir='ltr'><strong>mea,</strong></span> <span class='ocrx_word' id='word_1_51' title='bbox 549 874 620 951; x_wconf 91' lang='lat' dir='ltr'><strong>quid</strong></span> <span class='ocrx_word' id='word_1_52' title='bbox 649 877 814 935; x_wconf 86' lang='lat' dir='ltr'><strong>ceterorum</strong></span> <span class='ocrx_word' id='word_1_53' title='bbox 842 876 984 950; x_wconf 91' lang='lat' dir='ltr'><strong>cuiusque</strong></span> <span class='ocrx_word' id='word_1_54' title='bbox 1013 894 1085 935; x_wconf 88' lang='lat' dir='ltr'><strong>cura</strong></span> 
     </span>
     <span class='ocr_line' id='line_1_9' title="bbox 63 963 1084 1041; baseline 0.003 -19"><span class='ocrx_word' id='word_1_55' title='bbox 63 964 178 1023; x_wconf 90' lang='lat' dir='ltr'><strong>factum</strong></span> <span class='ocrx_word' id='word_1_56' title='bbox 196 965 282 1039; x_wconf 89' lang='lat' dir='ltr'><strong>esset,</strong></span> <span class='ocrx_word' id='word_1_57' title='bbox 306 963 464 1041; x_wconf 90' lang='lat' dir='ltr'><strong>diligenter</strong></span> <span class='ocrx_word' id='word_1_58' title='bbox 482 963 591 1041; x_wconf 90' lang='lat' dir='ltr'><strong>ubique</strong></span> <span class='ocrx_word' id='word_1_59' title='bbox 610 966 726 1039; x_wconf 86' lang='lat' dir='ltr'><strong>notavi,</strong></span> <span class='ocrx_word' id='word_1_60' title='bbox 750 982 817 1024; x_wconf 90' lang='lat' dir='ltr'><strong>cum</strong></span> <span class='ocrx_word' id='word_1_61' title='bbox 835 966 986 1041; x_wconf 88' lang='lat' dir='ltr'><strong>superiore</strong></span> <span class='ocrx_word' id='word_1_62' title='bbox 1005 983 1084 1025; x_wconf 91' lang='lat' dir='ltr'><strong>anno</strong></span> 
     </span>
     <span class='ocr_line' id='line_1_10' title="bbox 62 1052 1086 1130; baseline 0.002 -18"><span class='ocrx_word' id='word_1_63' title='bbox 62 1055 96 1112; x_wconf 92' lang='lat' dir='ltr'><strong>in</strong></span> <span class='ocrx_word' id='word_1_64' title='bbox 118 1052 209 1112; x_wconf 85' lang='lat' dir='ltr'><strong>Italia</strong></span> <span class='ocrx_word' id='word_1_65' title='bbox 233 1056 433 1113; x_wconf 89' lang='lat' dir='ltr'><strong>commoratus</strong></span> <span class='ocrx_word' id='word_1_66' title='bbox 461 1054 578 1130; x_wconf 86' lang='lat' dir='ltr'><strong>aliquot</strong></span> <span class='ocrx_word' id='word_1_67' title='bbox 605 1053 719 1114; x_wconf 88' lang='lat' dir='ltr'><strong>codices</strong></span> <span class='ocrx_word' id='word_1_68' title='bbox 748 1073 866 1114; x_wconf 87' lang='lat' dir='ltr'><strong>rursum</strong></span> <span class='ocrx_word' id='word_1_69' title='bbox 893 1053 1086 1114; x_wconf 90' lang='lat' dir='ltr'><strong>contulissem</strong></span> 
     </span>
     <span class='ocr_line' id='line_1_11' title="bbox 63 1142 1085 1221; baseline 0.002 -19"><span class='ocrx_word' id='word_1_70' title='bbox 63 1142 111 1202; x_wconf 83' lang='lat' dir='ltr'><strong>vel</strong></span> <span class='ocrx_word' id='word_1_71' title='bbox 130 1142 237 1203; x_wconf 85' lang='lat' dir='ltr'><strong>saltem</strong></span> <span class='ocrx_word' id='word_1_72' title='bbox 256 1144 402 1203; x_wconf 89' lang='lat' dir='ltr'><strong>eiusmodi</strong></span> <span class='ocrx_word' id='word_1_73' title='bbox 419 1143 492 1203; x_wconf 89' lang='lat' dir='ltr'><strong>locis</strong></span> <span class='ocrx_word' id='word_1_74' title='bbox 510 1146 713 1221; x_wconf 78' lang='lat' dir='ltr'><strong>inspexissem,</strong></span> <span class='ocrx_word' id='word_1_75' title='bbox 733 1143 839 1220; x_wconf 92' lang='lat' dir='ltr'><strong>quibus</strong></span> <span class='ocrx_word' id='word_1_76' title='bbox 858 1143 895 1203; x_wconf 92' lang='lat' dir='ltr'><strong>de</strong></span> <span class='ocrx_word' id='word_1_77' title='bbox 913 1143 994 1203; x_wconf 88' lang='lat' dir='ltr'><strong>Keili</strong></span> <span class='ocrx_word' id='word_1_78' title='bbox 1012 1144 1085 1204; x_wconf 89' lang='lat' dir='ltr'><strong>alio·</strong></span> 
     </span>
     <span class='ocr_line' id='line_1_12' title="bbox 63 1232 1085 1311; baseline 0 -18"><span class='ocrx_word' id='word_1_79' title='bbox 63 1252 167 1293; x_wconf 83' lang='lat' dir='ltr'><strong>rumve</strong></span> <span class='ocrx_word' id='word_1_80' title='bbox 187 1251 311 1293; x_wconf 88' lang='lat' dir='ltr'><strong>censura</strong></span> <span class='ocrx_word' id='word_1_81' title='bbox 329 1232 512 1293; x_wconf 81' lang='lat' dir='ltr'><strong>dubitabam.</strong></span> <span class='ocrx_word' id='word_1_82' title='bbox 548 1233 647 1311; x_wconf 85' lang='lat' dir='ltr'><strong>Ipsius</strong></span> <span class='ocrx_word' id='word_1_83' title='bbox 669 1234 758 1293; x_wconf 89' lang='lat' dir='ltr'><strong>huius</strong></span> <span class='ocrx_word' id='word_1_84' title='bbox 782 1235 895 1310; x_wconf 88' lang='lat' dir='ltr'><strong>negotii</strong></span> <span class='ocrx_word' id='word_1_85' title='bbox 919 1233 1085 1293; x_wconf 87' lang='lat' dir='ltr'><strong>adiutorem</strong></span> 
     </span>
     <span class='ocr_line' id='line_1_13' title="bbox 66 1322 1088 1401; baseline 0 -20"><span class='ocrx_word' id='word_1_86' title='bbox 66 1324 215 1399; x_wconf 89' lang='lat' dir='ltr'><strong>optimum</strong></span> <span class='ocrx_word' id='word_1_87' title='bbox 227 1322 376 1383; x_wconf 84' lang='lat' dir='ltr'><strong>habebam</strong></span> <span class='ocrx_word' id='word_1_88' title='bbox 391 1322 559 1401; x_wconf 76' lang='lat' dir='ltr'><strong>Stanglium</strong></span> <span class='ocrx_word' id='word_1_89' title='bbox 577 1324 722 1401; x_wconf 78' lang='lat' dir='ltr'><strong>collegam</strong></span> <span class='ocrx_word' id='word_1_90' title='bbox 735 1323 1020 1399; x_wconf 85' lang='lat' dir='ltr'><strong>Wirzeburgensem,</strong></span> <span class='ocrx_word' id='word_1_91' title='bbox 1036 1325 1088 1399; x_wconf 90' lang='lat' dir='ltr'><strong>qui</strong></span> 
     </span>
     <span class='ocr_line' id='line_1_14' title="bbox 62 1412 1085 1489; baseline 0 -17"><span class='ocrx_word' id='word_1_92' title='bbox 62 1412 139 1471; x_wconf 85' lang='lat' dir='ltr'><strong>mihi</strong></span> <span class='ocrx_word' id='word_1_93' title='bbox 157 1412 247 1473; x_wconf 86' lang='lat' dir='ltr'><strong>obvia</strong></span> <span class='ocrx_word' id='word_1_94' title='bbox 270 1432 330 1489; x_wconf 88' lang='lat' dir='ltr'><strong>qua</strong></span> <span class='ocrx_word' id='word_1_95' title='bbox 348 1416 394 1473; x_wconf 90' lang='lat' dir='ltr'><strong>est</strong></span> <span class='ocrx_word' id='word_1_96' title='bbox 410 1412 592 1473; x_wconf 86' lang='lat' dir='ltr'><strong>liberalitate</strong></span> <span class='ocrx_word' id='word_1_97' title='bbox 612 1434 627 1472; x_wconf 92' lang='lat' dir='ltr'><strong>e</strong></span> <span class='ocrx_word' id='word_1_98' title='bbox 646 1415 762 1474; x_wconf 89' lang='lat' dir='ltr'><strong>scriniis</strong></span> <span class='ocrx_word' id='word_1_99' title='bbox 782 1414 842 1472; x_wconf 91' lang='lat' dir='ltr'><strong>suis</strong></span> <span class='ocrx_word' id='word_1_100' title='bbox 861 1415 891 1470; x_wconf 90' lang='lat' dir='ltr'><strong>et</strong></span> <span class='ocrx_word' id='word_1_101' title='bbox 910 1413 1085 1472; x_wconf 89' lang='lat' dir='ltr'><strong>collationes</strong></span> 
     </span>
     <span class='ocr_line' id='line_1_15' title="bbox 64 1501 1086 1582; baseline 0.001 -21"><span class='ocrx_word' id='word_1_102' title='bbox 64 1501 201 1562; x_wconf 91' lang='lat' dir='ltr'><strong>codicum</strong></span> <span class='ocrx_word' id='word_1_103' title='bbox 219 1502 332 1561; x_wconf 78' lang='lat' dir='ltr'><strong>RFM</strong></span> <span class='ocrx_word' id='word_1_104' title='bbox 346 1505 409 1562; x_wconf 87' lang='lat' dir='ltr'><strong>iam</strong></span> <span class='ocrx_word' id='word_1_105' title='bbox 428 1503 539 1563; x_wconf 91' lang='lat' dir='ltr'><strong>dudum</strong></span> <span class='ocrx_word' id='word_1_106' title='bbox 559 1503 722 1582; x_wconf 87' lang='lat' dir='ltr'><strong>descriptas</strong></span> <span class='ocrx_word' id='word_1_107' title='bbox 747 1505 776 1562; x_wconf 86' lang='lat' dir='ltr'><strong>et</strong></span> <span class='ocrx_word' id='word_1_108' title='bbox 795 1503 979 1560; x_wconf 86' lang='lat' dir='ltr'><strong>coniecturas</strong></span> <span class='ocrx_word' id='word_1_109' title='bbox 999 1521 1086 1577; x_wconf 88' lang='lat' dir='ltr'><strong>quas·</strong></span> 
     </span>
     <span class='ocr_line' id='line_1_16' title="bbox 64 1584 1086 1673; baseline 0 -23"><span class='ocrx_word' id='word_1_110' title='bbox 64 1591 135 1651; x_wconf 91' lang='lat' dir='ltr'><strong>dam</strong></span> <span class='ocrx_word' id='word_1_111' title='bbox 153 1594 300 1669; x_wconf 89' lang='lat' dir='ltr'><strong>notasque</strong></span> <span class='ocrx_word' id='word_1_112' title='bbox 319 1592 416 1652; x_wconf 91' lang='lat' dir='ltr'><strong>adhuc</strong></span> <span class='ocrx_word' id='word_1_113' title='bbox 434 1584 593 1673; x_wconf 84' lang='lat' dir='ltr'><strong>ineditas¹)</strong></span> <span class='ocrx_word' id='word_1_114' title='bbox 612 1596 644 1652; x_wconf 88' lang='lat' dir='ltr'><strong>in</strong></span> <span class='ocrx_word' id='word_1_115' title='bbox 662 1613 761 1652; x_wconf 90' lang='lat' dir='ltr'><strong>meum</strong></span> <span class='ocrx_word' id='word_1_116' title='bbox 784 1610 870 1650; x_wconf 90' lang='lat' dir='ltr'><strong>usum</strong></span> <span class='ocrx_word' id='word_1_117' title='bbox 893 1595 1086 1652; x_wconf 77' lang='lat' dir='ltr'><strong>concesserat.</strong></span> 
     </span>
     <span class='ocr_line' id='line_1_17' title="bbox 65 1680 1087 1760; baseline 0 -19"><span class='ocrx_word' id='word_1_118' title='bbox 65 1681 150 1741; x_wconf 88' lang='lat' dir='ltr'><strong>Tunc</strong></span> <span class='ocrx_word' id='word_1_119' title='bbox 187 1681 307 1741; x_wconf 89' lang='lat' dir='ltr'><strong>demum</strong></span> <span class='ocrx_word' id='word_1_120' title='bbox 338 1685 490 1760; x_wconf 90' lang='lat' dir='ltr'><strong>perpensis</strong></span> <span class='ocrx_word' id='word_1_121' title='bbox 525 1682 621 1742; x_wconf 92' lang='lat' dir='ltr'><strong>denuo</strong></span> <span class='ocrx_word' id='word_1_122' title='bbox 653 1685 849 1758; x_wconf 88' lang='lat' dir='ltr'><strong>interpretum</strong></span> <span class='ocrx_word' id='word_1_123' title='bbox 881 1680 1087 1758; x_wconf 89' lang='lat' dir='ltr'><strong>editorumque</strong></span> 
     </span>
     <span class='ocr_line' id='line_1_18' title="bbox 65 1771 1087 1850; baseline 0.002 -21"><span class='ocrx_word' id='word_1_124' title='bbox 65 1772 240 1831; x_wconf 86' lang='lat' dir='ltr'><strong>commentis</strong></span> <span class='ocrx_word' id='word_1_125' title='bbox 272 1771 462 1849; x_wconf 88' lang='lat' dir='ltr'><strong>iudiciisque,</strong></span> <span class='ocrx_word' id='word_1_126' title='bbox 495 1773 547 1831; x_wconf 93' lang='lat' dir='ltr'><strong>ubi</strong></span> <span class='ocrx_word' id='word_1_127' title='bbox 584 1775 685 1850; x_wconf 89' lang='lat' dir='ltr'><strong>aperte</strong></span> <span class='ocrx_word' id='word_1_128' title='bbox 721 1771 799 1830; x_wconf 85' lang='lat' dir='ltr'><strong>falsa</strong></span> <span class='ocrx_word' id='word_1_129' title='bbox 831 1773 913 1846; x_wconf 93' lang='lat' dir='ltr'><strong>sunt,</strong></span> <span class='ocrx_word' id='word_1_130' title='bbox 946 1790 1023 1847; x_wconf 90' lang='lat' dir='ltr'><strong>quae</strong></span> <span class='ocrx_word' id='word_1_131' title='bbox 1055 1774 1087 1831; x_wconf 89' lang='lat' dir='ltr'><strong>in</strong></span> 
     </span>
     <span class='ocr_line' id='line_1_19' title="bbox 65 1859 1085 1937; baseline 0.001 -19"><span class='ocrx_word' id='word_1_132' title='bbox 65 1859 218 1921; x_wconf 90' lang='lat' dir='ltr'><strong>codicibus</strong></span> <span class='ocrx_word' id='word_1_133' title='bbox 240 1862 447 1937; x_wconf 83' lang='lat' dir='ltr'><strong>inveniuntur,</strong></span> <span class='ocrx_word' id='word_1_134' title='bbox 471 1862 519 1922; x_wconf 88' lang='lat' dir='ltr'><strong>vel</strong></span> <span class='ocrx_word' id='word_1_135' title='bbox 543 1862 669 1921; x_wconf 87' lang='lat' dir='ltr'><strong>aliorum</strong></span> <span class='ocrx_word' id='word_1_136' title='bbox 692 1861 740 1921; x_wconf 87' lang='lat' dir='ltr'><strong>vel</strong></span> <span class='ocrx_word' id='word_1_137' title='bbox 762 1879 843 1920; x_wconf 90' lang='lat' dir='ltr'><strong>meas</strong></span> <span class='ocrx_word' id='word_1_138' title='bbox 866 1862 964 1937; x_wconf 90' lang='lat' dir='ltr'><strong>recepi</strong></span> <span class='ocrx_word' id='word_1_139' title='bbox 988 1880 1085 1919; x_wconf 90' lang='lat' dir='ltr'><strong>emen·</strong></span> 
     </span>
     <span class='ocr_line' id='line_1_20' title="bbox 65 1949 1087 2029; baseline -0.001 -20"><span class='ocrx_word' id='word_1_140' title='bbox 65 1949 216 2027; x_wconf 89' lang='lat' dir='ltr'><strong>dationes,</strong></span> <span class='ocrx_word' id='word_1_141' title='bbox 234 1951 280 2011; x_wconf 88' lang='lat' dir='ltr'><strong>ita</strong></span> <span class='ocrx_word' id='word_1_142' title='bbox 297 1953 412 2027; x_wconf 86' lang='lat' dir='ltr'><strong>tamen,</strong></span> <span class='ocrx_word' id='word_1_143' title='bbox 431 1955 477 2027; x_wconf 93' lang='lat' dir='ltr'><strong>ut,</strong></span> <span class='ocrx_word' id='word_1_144' title='bbox 497 1954 523 2012; x_wconf 92' lang='lat' dir='ltr'><strong>si</strong></span> <span class='ocrx_word' id='word_1_145' title='bbox 541 1971 587 2011; x_wconf 92' lang='lat' dir='ltr'><strong>res</strong></span> <span class='ocrx_word' id='word_1_146' title='bbox 605 1951 757 2029; x_wconf 89' lang='lat' dir='ltr'><strong>postulare</strong></span> <span class='ocrx_word' id='word_1_147' title='bbox 776 1950 941 2025; x_wconf 86' lang='lat' dir='ltr'><strong>videbatur,</strong></span> <span class='ocrx_word' id='word_1_148' title='bbox 959 1953 1087 2009; x_wconf 90' lang='lat' dir='ltr'><strong>strictim</strong></span> 
     </span>
     <span class='ocr_line' id='line_1_21' title="bbox 64 2040 1088 2118; baseline 0.001 -19"><span class='ocrx_word' id='word_1_149' title='bbox 64 2040 220 2115; x_wconf 89' lang='lat' dir='ltr'><strong>referrem,</strong></span> <span class='ocrx_word' id='word_1_150' title='bbox 250 2040 324 2118; x_wconf 92' lang='lat' dir='ltr'><strong>quid</strong></span> <span class='ocrx_word' id='word_1_151' title='bbox 353 2042 391 2102; x_wconf 95' lang='lat' dir='ltr'><strong>ad</strong></span> <span class='ocrx_word' id='word_1_152' title='bbox 420 2041 501 2101; x_wconf 90' lang='lat' dir='ltr'><strong>Plini</strong></span> <span class='ocrx_word' id='word_1_153' title='bbox 532 2042 623 2101; x_wconf 88' lang='lat' dir='ltr'><strong>verba</strong></span> <span class='ocrx_word' id='word_1_154' title='bbox 655 2043 733 2100; x_wconf 90' lang='lat' dir='ltr'><strong>recte</strong></span> <span class='ocrx_word' id='word_1_155' title='bbox 765 2040 898 2099; x_wconf 86' lang='lat' dir='ltr'><strong>sananda</strong></span> <span class='ocrx_word' id='word_1_156' title='bbox 927 2043 995 2099; x_wconf 89' lang='lat' dir='ltr'><strong>usui</strong></span> <span class='ocrx_word' id='word_1_157' title='bbox 1025 2059 1088 2100; x_wconf 88' lang='lat' dir='ltr'><strong>esse</strong></span> 
     </span>
     <span class='ocr_line' id='line_1_22' title="bbox 64 2130 1089 2208; baseline 0 -19"><span class='ocrx_word' id='word_1_158' title='bbox 64 2132 174 2206; x_wconf 90' lang='lat' dir='ltr'><strong>posset.</strong></span> <span class='ocrx_word' id='word_1_159' title='bbox 212 2130 327 2191; x_wconf 80' lang='lat' dir='ltr'><strong>Eodem</strong></span> <span class='ocrx_word' id='word_1_160' title='bbox 346 2132 470 2191; x_wconf 88' lang='lat' dir='ltr'><strong>consilio</strong></span> <span class='ocrx_word' id='word_1_161' title='bbox 490 2132 595 2191; x_wconf 88' lang='lat' dir='ltr'><strong>duetus</strong></span> <span class='ocrx_word' id='word_1_162' title='bbox 615 2151 630 2190; x_wconf 94' lang='lat' dir='ltr'><strong>e</strong></span> <span class='ocrx_word' id='word_1_163' title='bbox 648 2149 757 2208; x_wconf 88' lang='lat' dir='ltr'><strong>magno</strong></span> <span class='ocrx_word' id='word_1_164' title='bbox 775 2130 957 2205; x_wconf 90' lang='lat' dir='ltr'><strong>reliquarum</strong></span> <span class='ocrx_word' id='word_1_165' title='bbox 977 2132 1089 2189; x_wconf 85' lang='lat' dir='ltr'><strong>coniec-</strong></span> 
     </span>
     <span class='ocr_line' id='line_1_23' title="bbox 64 2220 1089 2298; baseline 0.002 -21"><span class='ocrx_word' id='word_1_166' title='bbox 64 2220 204 2279; x_wconf 87' lang='lat' dir='ltr'><strong>turarum</strong></span> <span class='ocrx_word' id='word_1_167' title='bbox 231 2240 355 2280; x_wconf 90' lang='lat' dir='ltr'><strong>numero</strong></span> <span class='ocrx_word' id='word_1_168' title='bbox 383 2221 480 2298; x_wconf 89' lang='lat' dir='ltr'><strong>delegi</strong></span> <span class='ocrx_word' id='word_1_169' title='bbox 509 2240 571 2296; x_wconf 88' lang='lat' dir='ltr'><strong>eas,</strong></span> <span class='ocrx_word' id='word_1_170' title='bbox 600 2240 675 2297; x_wconf 87' lang='lat' dir='ltr'><strong>quae</strong></span> <span class='ocrx_word' id='word_1_171' title='bbox 704 2220 811 2298; x_wconf 87' lang='lat' dir='ltr'><strong>dignae</strong></span> <span class='ocrx_word' id='word_1_172' title='bbox 839 2223 937 2279; x_wconf 90' lang='lat' dir='ltr'><strong>essent</strong></span> <span class='ocrx_word' id='word_1_173' title='bbox 963 2239 1089 2279; x_wconf 89' lang='lat' dir='ltr'><strong>comme-</strong></span> 
     </span>
     <span class='ocr_line' id='line_1_24' title="bbox 64 2309 1088 2388; baseline 0 -20"><span class='ocrx_word' id='word_1_174' title='bbox 64 2310 247 2385; x_wconf 90' lang='lat' dir='ltr'><strong>moratione,</strong></span> <span class='ocrx_word' id='word_1_175' title='bbox 277 2329 373 2387; x_wconf 89' lang='lat' dir='ltr'><strong>neque</strong></span> <span class='ocrx_word' id='word_1_176' title='bbox 404 2310 480 2369; x_wconf 85' lang='lat' dir='ltr'><strong>illud</strong></span> <span class='ocrx_word' id='word_1_177' title='bbox 512 2312 642 2388; x_wconf 81' lang='lat' dir='ltr'><strong>neglexi,</strong></span> <span class='ocrx_word' id='word_1_178' title='bbox 674 2312 721 2385; x_wconf 91' lang='lat' dir='ltr'><strong>ut,</strong></span> <span class='ocrx_word' id='word_1_179' title='bbox 754 2309 853 2386; x_wconf 88' lang='lat' dir='ltr'><strong>quoad</strong></span> <span class='ocrx_word' id='word_1_180' title='bbox 885 2311 969 2370; x_wconf 87' lang='lat' dir='ltr'><strong>salva</strong></span> <span class='ocrx_word' id='word_1_181' title='bbox 999 2310 1088 2369; x_wconf 89' lang='lat' dir='ltr'><strong>huius</strong></span> 
     </span>
     <span class='ocr_line' id='line_1_25' title="bbox 63 2397 1089 2477; baseline 0.001 -21"><span class='ocrx_word' id='word_1_182' title='bbox 63 2397 163 2458; x_wconf 90' lang='lat' dir='ltr'><strong>libelli</strong></span> <span class='ocrx_word' id='word_1_183' title='bbox 175 2400 292 2460; x_wconf 86' lang='lat' dir='ltr'><strong>ratione</strong></span> <span class='ocrx_word' id='word_1_184' title='bbox 310 2399 376 2459; x_wconf 91' lang='lat' dir='ltr'><strong>fieri</strong></span> <span class='ocrx_word' id='word_1_185' title='bbox 393 2403 506 2477; x_wconf 86' lang='lat' dir='ltr'><strong>posset,</strong></span> <span class='ocrx_word' id='word_1_186' title='bbox 526 2400 652 2460; x_wconf 88' lang='lat' dir='ltr'><strong>aliorum</strong></span> <span class='ocrx_word' id='word_1_187' title='bbox 671 2402 849 2476; x_wconf 88' lang='lat' dir='ltr'><strong>scriptorum</strong></span> <span class='ocrx_word' id='word_1_188' title='bbox 867 2401 915 2460; x_wconf 87' lang='lat' dir='ltr'><strong>vel</strong></span> <span class='ocrx_word' id='word_1_189' title='bbox 932 2403 1089 2477; x_wconf 89' lang='lat' dir='ltr'><strong>poetarum</strong></span> 
     </span>
     <span class='ocr_line' id='line_1_26' title="bbox 65 2487 1089 2567; baseline -0.002 -20"><span class='ocrx_word' id='word_1_190' title='bbox 65 2487 168 2565; x_wconf 82' lang='lat' dir='ltr'><strong>verba,</strong></span> <span class='ocrx_word' id='word_1_191' title='bbox 186 2508 262 2566; x_wconf 88' lang='lat' dir='ltr'><strong>quae</strong></span> <span class='ocrx_word' id='word_1_192' title='bbox 282 2489 363 2567; x_wconf 91' lang='lat' dir='ltr'><strong>apud</strong></span> <span class='ocrx_word' id='word_1_193' title='bbox 380 2490 511 2549; x_wconf 92' lang='lat' dir='ltr'><strong>Plinium</strong></span> <span class='ocrx_word' id='word_1_194' title='bbox 531 2491 660 2549; x_wconf 89' lang='lat' dir='ltr'><strong>orationi</strong></span> <span class='ocrx_word' id='word_1_195' title='bbox 678 2491 789 2566; x_wconf 87' lang='lat' dir='ltr'><strong>passim</strong></span> <span class='ocrx_word' id='word_1_196' title='bbox 807 2491 923 2549; x_wconf 83' lang='lat' dir='ltr'><strong>intexta</strong></span> <span class='ocrx_word' id='word_1_197' title='bbox 940 2490 1089 2566; x_wconf 90' lang='lat' dir='ltr'><strong>leguntur,</strong></span> 
     </span>
     <span class='ocr_line' id='line_1_27' title="bbox 65 2577 1089 2656; baseline -0.003 -19"><span class='ocrx_word' id='word_1_198' title='bbox 65 2577 146 2638; x_wconf 92' lang='lat' dir='ltr'><strong>unde</strong></span> <span class='ocrx_word' id='word_1_199' title='bbox 183 2577 361 2656; x_wconf 85' lang='lat' dir='ltr'><strong>deprompta</strong></span> <span class='ocrx_word' id='word_1_200' title='bbox 399 2583 508 2654; x_wconf 91' lang='lat' dir='ltr'><strong>essent,</strong></span> <span class='ocrx_word' id='word_1_201' title='bbox 544 2580 674 2638; x_wconf 85' lang='lat' dir='ltr'><strong>breviter</strong></span> <span class='ocrx_word' id='word_1_202' title='bbox 705 2580 875 2640; x_wconf 88' lang='lat' dir='ltr'><strong>indicarem.</strong></span> <span class='ocrx_word' id='word_1_203' title='bbox 922 2577 1025 2653; x_wconf 84' lang='lat' dir='ltr'><strong>Neque</strong></span> <span class='ocrx_word' id='word_1_204' title='bbox 1057 2579 1089 2634; x_wconf 90' lang='lat' dir='ltr'><strong>in</strong></span> 
     </span>
     <span class='ocr_line' id='line_1_28' title="bbox 66 2667 1088 2745; baseline -0.002 -19"><span class='ocrx_word' id='word_1_205' title='bbox 66 2667 228 2729; x_wconf 89' lang='lat' dir='ltr'><strong>verborum</strong></span> <span class='ocrx_word' id='word_1_206' title='bbox 251 2668 456 2745; x_wconf 84' lang='lat' dir='ltr'><strong>distinctione,</strong></span> <span class='ocrx_word' id='word_1_207' title='bbox 480 2688 547 2728; x_wconf 90' lang='lat' dir='ltr'><strong>cum</strong></span> <span class='ocrx_word' id='word_1_208' title='bbox 569 2688 684 2729; x_wconf 87' lang='lat' dir='ltr'><strong>summa</strong></span> <span class='ocrx_word' id='word_1_209' title='bbox 706 2671 782 2729; x_wconf 90' lang='lat' dir='ltr'><strong>mihi</strong></span> <span class='ocrx_word' id='word_1_210' title='bbox 804 2671 852 2729; x_wconf 86' lang='lat' dir='ltr'><strong>lex</strong></span> <span class='ocrx_word' id='word_1_211' title='bbox 875 2670 952 2727; x_wconf 89' lang='lat' dir='ltr'><strong>esset</strong></span> <span class='ocrx_word' id='word_1_212' title='bbox 974 2669 1088 2726; x_wconf 89' lang='lat' dir='ltr'><strong>senten·</strong></span> 
     </span>
     <span class='ocr_line' id='line_1_29' title="bbox 65 2756 1089 2836; baseline -0.003 -19"><span class='ocrx_word' id='word_1_213' title='bbox 65 2757 180 2817; x_wconf 53' lang='lat' dir='ltr'><strong>Qum</strong></span> <span class='ocrx_word' id='word_1_214' title='bbox 192 2759 402 2836; x_wconf 87' lang='lat' dir='ltr'><strong>perspicuitas,</strong></span> <span class='ocrx_word' id='word_1_215' title='bbox 423 2761 515 2818; x_wconf 91' lang='lat' dir='ltr'><strong>nimio</strong></span> <span class='ocrx_word' id='word_1_216' title='bbox 530 2759 597 2835; x_wconf 91' lang='lat' dir='ltr'><strong>plus</strong></span> <span class='ocrx_word' id='word_1_217' title='bbox 617 2760 770 2819; x_wconf 85' lang='lat' dir='ltr'><strong>factitasse</strong></span> <span class='ocrx_word' id='word_1_218' title='bbox 789 2759 899 2817; x_wconf 88' lang='lat' dir='ltr'><strong>videor.</strong></span> <span class='ocrx_word' id='word_1_219' title='bbox 935 2756 1089 2816; x_wconf 86' lang='lat' dir='ltr'><strong>Postremo</strong></span> 
     </span>
     <span class='ocr_line' id='line_1_30' title="bbox 65 2846 1089 2927; baseline -0.002 -21"><span class='ocrx_word' id='word_1_220' title='bbox 65 2866 150 2907; x_wconf 90' lang='lat' dir='ltr'><strong>more</strong></span> <span class='ocrx_word' id='word_1_221' title='bbox 165 2848 291 2927; x_wconf 82' lang='lat' dir='ltr'><strong>vulgato</strong></span> <span class='ocrx_word' id='word_1_222' title='bbox 313 2848 505 2909; x_wconf 89' lang='lat' dir='ltr'><strong>librariorum</strong></span> <span class='ocrx_word' id='word_1_223' title='bbox 529 2850 707 2908; x_wconf 88' lang='lat' dir='ltr'><strong>emblemata</strong></span> <span class='ocrx_word' id='word_1_224' title='bbox 729 2851 812 2907; x_wconf 89' lang='lat' dir='ltr'><strong>uncis</strong></span> <span class='ocrx_word' id='word_1_225' title='bbox 837 2846 990 2922; x_wconf 71' lang='lat' dir='ltr'><strong>(quadratis</strong></span> <span class='ocrx_word' id='word_1_226' title='bbox 1013 2865 1089 2904; x_wconf 90' lang='lat' dir='ltr'><strong>rese-</strong></span> 
     </span>
     <span class='ocr_line' id='line_1_31' title="bbox 66 2936 1090 3016; baseline -0.002 -21"><span class='ocrx_word' id='word_1_227' title='bbox 66 2938 130 3013; x_wconf 87' lang='lat' dir='ltr'><strong>cui,</strong></span> <span class='ocrx_word' id='word_1_228' title='bbox 159 2939 325 2997; x_wconf 86' lang='lat' dir='ltr'><strong>recentium</strong></span> <span class='ocrx_word' id='word_1_229' title='bbox 348 2938 565 3016; x_wconf 85' lang='lat' dir='ltr'><strong>complementa</strong></span> <span class='ocrx_word' id='word_1_230' title='bbox 587 2940 682 2998; x_wconf 90' lang='lat' dir='ltr'><strong>literis</strong></span> <span class='ocrx_word' id='word_1_231' title='bbox 710 2938 861 2996; x_wconf 89' lang='lat' dir='ltr'><strong>inclinatis</strong></span> <span class='ocrx_word' id='word_1_232' title='bbox 889 2936 1090 3011; x_wconf 88' lang='lat' dir='ltr'><strong>describenda,</strong></span> 
     </span>
     <span class='ocr_line' id='line_1_32' title="bbox 68 3026 1091 3104; baseline -0.002 -18"><span class='ocrx_word' id='word_1_233' title='bbox 68 3044 119 3087; x_wconf 88' lang='lat' dir='ltr'><strong>eos</strong></span> <span class='ocrx_word' id='word_1_234' title='bbox 148 3026 245 3103; x_wconf 88' lang='lat' dir='ltr'><strong>locos,</strong></span> <span class='ocrx_word' id='word_1_235' title='bbox 278 3027 385 3104; x_wconf 91' lang='lat' dir='ltr'><strong>quibus</strong></span> <span class='ocrx_word' id='word_1_236' title='bbox 419 3027 554 3088; x_wconf 88' lang='lat' dir='ltr'><strong>codicum</strong></span> <span class='ocrx_word' id='word_1_237' title='bbox 584 3046 696 3087; x_wconf 87' lang='lat' dir='ltr'><strong>errores</strong></span> <span class='ocrx_word' id='word_1_238' title='bbox 727 3045 793 3085; x_wconf 91' lang='lat' dir='ltr'><strong>meo</strong></span> <span class='ocrx_word' id='word_1_239' title='bbox 825 3026 957 3102; x_wconf 88' lang='lat' dir='ltr'><strong>periculo</strong></span> <span class='ocrx_word' id='word_1_240' title='bbox 990 3028 1091 3085; x_wconf 88' lang='lat' dir='ltr'><strong>sanari</strong></span> 
     </span>
     <span class='ocr_line' id='line_1_33' title="bbox 67 3117 922 3197; baseline -0.005 -20"><span class='ocrx_word' id='word_1_241' title='bbox 67 3134 156 3193; x_wconf 86' lang='lat' dir='ltr'><strong>posse</strong></span> <span class='ocrx_word' id='word_1_242' title='bbox 180 3135 391 3197; x_wconf 85' lang='lat' dir='ltr'><strong>cognoveram,</strong></span> <span class='ocrx_word' id='word_1_243' title='bbox 414 3120 555 3178; x_wconf 89' lang='lat' dir='ltr'><strong>asterisco</strong></span> <span class='ocrx_word' id='word_1_244' title='bbox 580 3117 788 3195; x_wconf 86' lang='lat' dir='ltr'><strong>significandos</strong></span> <span class='ocrx_word' id='word_1_245' title='bbox 813 3118 922 3175; x_wconf 85' lang='lat' dir='ltr'><strong>curavi.</strong></span> 
     </span>
    </p>
   </div>
   <div class='ocr_carea' id='block_1_3' title="bbox 56 3340 1091 3633">
    <p class='ocr_par' dir='ltr' id='par_1_3' title="bbox 56 3340 1091 3633">
     <span class='ocr_line' id='line_1_34' title="bbox 144 3340 1091 3411; baseline -0.003 -16"><span class='ocrx_word' id='word_1_246' title='bbox 144 3343 170 3411; x_wconf 91' lang='lat'><strong>1)</strong></span> <span class='ocrx_word' id='word_1_247' title='bbox 190 3340 1091 3411; x_wconf 64' lang='lat' dir='ltr'><strong>adhumeditionispptea35u10391‚14;103‚1o;1ca‚so;</strong></span> 
     </span>
     <span class='ocr_line' id='line_1_35' title="bbox 71 3412 1091 3482; baseline -0.005 -15"><span class='ocrx_word' id='word_1_248' title='bbox 71 3417 196 3482; x_wconf 59' lang='grc'>11113,</span> <span class='ocrx_word' id='word_1_249' title='bbox 216 3417 278 3481; x_wconf 89' lang='grc'>180,</span> <span class='ocrx_word' id='word_1_250' title='bbox 291 3418 340 3481; x_wconf 77' lang='grc'>81,</span> <span class='ocrx_word' id='word_1_251' title='bbox 359 3417 420 3481; x_wconf 73' lang='grc'>181,</span> <span class='ocrx_word' id='word_1_252' title='bbox 435 3419 464 3480; x_wconf 84' lang='grc'>6,</span> <span class='ocrx_word' id='word_1_253' title='bbox 486 3419 545 3481; x_wconf 84' lang='grc'>191,</span> <span class='ocrx_word' id='word_1_254' title='bbox 561 3419 608 3481; x_wconf 81' lang='grc'>24,</span> <span class='ocrx_word' id='word_1_255' title='bbox 628 3419 689 3479; x_wconf 80' lang='lat'><strong>238,</strong></span> <span class='ocrx_word' id='word_1_256' title='bbox 705 3419 721 3466; x_wconf 88' lang='grc'>6</span> <span class='ocrx_word' id='word_1_257' title='bbox 740 3412 947 3482; x_wconf 80' lang='lat' dir='ltr'><strong>(vigescunt?);</strong></span> <span class='ocrx_word' id='word_1_258' title='bbox 968 3416 1028 3476; x_wconf 77' lang='lat'><strong>258,</strong></span> <span class='ocrx_word' id='word_1_259' title='bbox 1045 3416 1091 3476; x_wconf 81' lang='grc'>17,</span> 
     </span>
     <span class='ocr_line' id='line_1_36' title="bbox 65 3484 1091 3554; baseline -0.003 -17"><span class='ocrx_word' id='word_1_260' title='bbox 65 3489 131 3549; x_wconf 79' lang='grc'>270,</span> <span class='ocrx_word' id='word_1_261' title='bbox 152 3490 184 3553; x_wconf 78' lang='grc'>8,</span> <span class='ocrx_word' id='word_1_262' title='bbox 212 3488 275 3552; x_wconf 72' lang='grc'>801,</span> <span class='ocrx_word' id='word_1_263' title='bbox 293 3489 341 3551; x_wconf 78' lang='grc'>11,</span> <span class='ocrx_word' id='word_1_264' title='bbox 368 3488 429 3551; x_wconf 71' lang='grc'>881,</span> <span class='ocrx_word' id='word_1_265' title='bbox 450 3489 496 3551; x_wconf 87' lang='grc'>19,</span> <span class='ocrx_word' id='word_1_266' title='bbox 527 3491 587 3552; x_wconf 81' lang='lat'><strong>356,</strong></span> <span class='ocrx_word' id='word_1_267' title='bbox 611 3491 645 3539; x_wconf 78' lang='lat'><strong>24</strong></span> <span class='ocrx_word' id='word_1_268' title='bbox 675 3485 891 3554; x_wconf 87' lang='lat' dir='ltr'><strong>(contumaciam</strong></span> <span class='ocrx_word' id='word_1_269' title='bbox 905 3484 943 3553; x_wconf 74' lang='grc'>2),</span> <span class='ocrx_word' id='word_1_270' title='bbox 972 3488 1032 3548; x_wconf 78' lang='grc'>383,</span> <span class='ocrx_word' id='word_1_271' title='bbox 1057 3487 1091 3534; x_wconf 76' lang='grc'><strong>20</strong></span> 
     </span>
     <span class='ocr_line' id='line_1_37' title="bbox 56 3555 487 3633; baseline -0.019 -15"><span class='ocrx_word' id='word_1_272' title='bbox 56 3555 180 3618; x_wconf 67' lang='lat' dir='ltr'><strong>(nornis</strong></span> <span class='ocrx_word' id='word_1_273' title='bbox 197 3557 281 3631; x_wconf 81' lang='lat' dir='ltr'><strong>&lt;non</strong></span> <span class='ocrx_word' id='word_1_274' title='bbox 300 3556 382 3633; x_wconf 78' lang='lat' dir='ltr'><strong>risa)</strong></span> <span class='ocrx_word' id='word_1_275' title='bbox 401 3557 487 3627; x_wconf 81' lang='lat' dir='ltr'><strong>ants).</strong></span> 
     </span>
    </p>
   </div>
   <div class='ocr_carea' id='block_1_4' title="bbox 0 0 1212 3862">
    <p class='ocr_par' dir='ltr' id='par_1_4' title="bbox 0 0 1212 3862">
     <span class='ocr_line' id='line_1_38' title="bbox 0 0 1212 3862; baseline 0 0"><span class='ocrx_word' id='word_1_276' title='bbox 0 0 1212 3862; x_wconf 95' lang='lat' dir='ltr'><strong> </strong></span> 
     </span>
    </p>
   </div>
  </div>
 </body>
</html>
