2400 3862
124 195 162 257 12
557 186 586 242 o.
605 187 704 241 mnu

120 353 282 417 sufficeret
305 374 415 433 unum,
433 351 615 434 Euphrates
638 350 861 436 philosophus.
903 349 1001 416 Hunc
1023 371 1086 436 ego
1109 349 1142 414 in

121 440 228 525 Syria,
252 463 325 506 cum
349 441 609 505 adulescentulus
634 440 822 523 militarem,
844 440 973 524 penitus
998 443 1029 503 et
1053 438 1141 504 domi

120 531 245 613 inspexi
273 530 437 613 amarique
466 529 506 594 ab
535 550 572 594 eo
599 529 758 613 laboravi,
790 529 851 594 etsi
873 550 940 593 non
963 531 1032 592 etat
1053 528 1141 593 labo

120 621 264 684 randum.
306 619 367 683 Est
390 620 476 683 enim
500 617 614 684 obvius
638 623 670 683 et
693 619 858 702 expositus
882 620 1062 702 plenusque
1085 617 1142 682 hn-

85 710 288 789 amanitate,
329 729 426 791 quam
458 707 624 792 praecipit.
679 708 787 791 Atque
823 706 948 771 utinam
985 707 1032 770 sic
1064 705 1169 791 ipsas

121 820 218 880 quam
242 819 332 881 spem
356 801 435 862 tunc
458 798 513 861 ille
537 798 575 860 de
599 819 650 861 me
674 797 834 880 concepit,
863 794 1078 879 impleverim,
1106 802 1143 859 ut

121 888 175 950 ille
200 888 338 951 multum
362 885 536 950 virtutibus
561 887 628 951 suis
651 885 786 950 addidit!
810 890 867 950 aut
885 907 945 971 ego
964 905 1052 948 nunc
1070 884 1142 949 illas

122 977 225 1061 magis
244 975 353 1058 miror,
373 977 449 1059 quia
467 973 569 1060 magis
589 976 752 1061 intellego.
786 974 986 1058 Quamquam
1000 995 1043 1039 ne
1055 993 1144 1039 nunc

85 1087 102 1134 4
124 1065 252 1148 quidem
277 1065 356 1129 satis
380 1065 543 1150 intellego.
580 1062 627 1129 Ut
650 1065 736 1129 enim
761 1064 799 1129 de
817 1065 950 1147 pictore,
974 1065 1144 1146 scalptore,

121 1157 233 1218 fictore
255 1154 320 1219 nisi
342 1155 459 1218 artifex
482 1153 635 1237 iudicare,
658 1155 704 1218 ita
723 1154 787 1218 nisi
806 1153 933 1237 sapiens
951 1175 1019 1216 non
1036 1155 1184 1236 potesta

86 1245 301 1327 sperspicere
334 1244 518 1327 sapientem.
566 1241 728 1319 Quantum
761 1247 869 1307 tamen
901 1241 982 1305 mihi
1015 1262 1145 1306 cernere

122 1333 224 1416 datur,
254 1334 358 1397 multa
387 1333 421 1397 in
444 1331 611 1416 Euphrate
639 1333 686 1397 sic
713 1333 855 1397 eminent
879 1335 918 1410 et,
934 1332 1077 1414 elucent,
1108 1335 1146 1394 ut

121 1422 325 1486 mediocriter
348 1444 477 1506 quoque
501 1423 614 1487 doctos
638 1422 807 1486 advertant
826 1424 858 1485 et
876 1419 1036 1484 adficient.
1070 1419 1146 1484 Dis·

120 1516 214 1594 putat
237 1512 408 1593 subtiliter,
431 1512 580 1596 graviter,
605 1515 729 1591 ornate,
752 1510 937 1595 frequenter
955 1509 1053 1572 etiam
1073 1508 1146 1573 Pla·

121 1603 263 1664 tonicam
301 1600 391 1663 illam
429 1600 659 1664 sublimitatem
697 1604 730 1664 et
764 1600 969 1664 latitudinem
1006 1597 1146 1684 effingit.
1165 1616 1189 1658 rs

122 1688 234 1753 Sermo
258 1694 307 1753 est
330 1689 479 1772 copiosus
504 1692 536 1753 et
559 1688 680 1772 varius,
704 1689 806 1753 dulcis
830 1688 1013 1771 inprimis,
1037 1688 1148 1771 etqui

86 1800 101 1847 6
121 1778 330 1863 repugnantis
351 1799 479 1861 quoque
498 1777 604 1861 ducat,
626 1777 780 1860 impellat.
817 1776 869 1841 Ad
887 1776 950 1841 hcc
967 1777 1147 1859 proceritas

122 1868 278 1949 corporis,
313 1867 427 1931 decora
454 1867 566 1948 facies,
598 1866 755 1932 demissus
789 1867 939 1950 capillus,
970 1867 1085 1950 ingens
1115 1871 1148 1930 et

122 1978 201 2020 cana
224 1956 336 2039 barba3
361 1978 442 2039 quae
466 1957 542 2020 licet
564 1956 700 2020 fortuita
723 1960 756 2021 et
778 1956 886 2020 inania
909 1961 1073 2038 putentur,
1097 1955 1148 2019 illi

86 2066 100 2112 v
120 2052 229 2109 tamen
246 2045 422 2128 plurimum
440 2046 656 2110 venerationis
675 2045 857 2129 adquirunt.
894 2044 1012 2109 Nullus
1030 2045 1149 2108 horror
1167 2063 1190 2104 rc

121 2135 154 2198 in
178 2136 281 2215 cultu,
304 2136 395 2198 nulla
418 2134 566 2219 tristitia,
589 2136 729 2199 multum
753 2134 946 2217 severitatis3
969 2134 1145 2198 reverearis

122 2245 305 2306 occursum,
341 2246 409 2288 non
444 2223 639 2288 reformides.
687 2223 783 2288 Vitae
820 2223 972 2287 sanctitas
1011 2243 1147 2306 summa,

121 2315 255 2377 comitas
275 2335 346 2395 par;
366 2314 543 2378 insectatur
560 2313 649 2392 vitia,
671 2334 738 2376 non
755 2312 912 2395 homines,
929 2333 989 2376 nec
1008 2311 1148 2396 castigat

122 2407 276 2492 errantes,
301 2403 355 2466 sed
379 2402 536 2466 emendat.
574 2399 724 2483 Sequaris
749 2405 932 2465 monentem
951 2404 1093 2465 attentus
1114 2404 1147 2464 et

121 2492 263 2573 pendens
288 2494 319 2553 et
337 2492 522 2573 persuaderi
548 2491 629 2573 tibi,
654 2491 751 2554 etiam
771 2512 844 2555 cum
862 2490 1066 2574 persuaserit,
1089 2509 1144 2553 cu·
1164 2509 1190 2550 aa

86 2581 203 2663 spias.
250 2578 317 2644 lam
341 2602 418 2644 vero
446 2580 540 2644 liberi
563 2584 642 2661 tres,
670 2580 734 2644 duo
758 2603 874 2662 mares,
904 2600 984 2661 quos
1009 2579 1145 2663 diligen·

121 2669 244 2733 tissime
267 2669 417 2733 instituit.
456 2667 555 2734 Socer
577 2669 750 2752 Pompeius
773 2668 918 2734 Iulianus
942 2689 1015 2732 cum
1039 2670 1146 2732 cetera

121 2759 188 2821 vita
219 2762 289 2821 tum
321 2759 372 2821 vel
402 2759 465 2822 hcc
494 2781 559 2823 uno
589 2780 726 2844 magnus
757 2762 789 2822 et
812 2760 931 2840 clarus,
964 2755 1050 2839 qnod
1074 2757 1144 2840 ipse

122 2848 306 2930 provinciae
320 2848 469 2930 princeps
484 2848 568 2912 inter
582 2848 755 2914 altissimas
771 2846 975 2912 condiciones
990 2867 1145 2930 generum

87 2956 189 3002 enon
212 2937 390 3000 honoribus
414 2938 605 3020 principem,
629 2938 684 3001 sed
709 2938 865 3019 sapientia
888 2936 993 3020 elegit.
1027 2933 1144 3010 Quam·
1163 2956 1190 2996 ac

123 3048 219 3108 quam
244 3026 320 3107 quid
340 3047 400 3110 ego
419 3027 514 3109 plura
532 3027 571 3090 de
589 3027 673 3110 viro,
697 3047 761 3110 quo
781 3026 861 3089 mihi
879 3025 944 3088 frui
962 3047 1025 3088 non
1047 3024 1147 3088 licet?

122 3137 163 3178 an
192 3119 229 3178 ut
256 3115 359 3200 magis
384 3138 491 3200 angar,
521 3115 607 3199 quod
630 3138 696 3180 non
718 3115 815 3179 licet?
859 3113 945 3179 Nam
969 3114 1147 3198 distringor

123 3205 231 3267 officio
261 3208 299 3268 ut
330 3205 470 3269 maximo
499 3205 545 3269 sic
568 3204 811 3287 molestissim03
842 3204 936 3268 sedeo
960 3225 1019 3286 pro
1043 3203 1145 3266 tribu-

196 3367 211 3413 6
231 3364 299 3414 tunc
317 3361 366 3416 ille
390 3362 425 3416 de
445 3362 670 3432 RFDpras,
692 3363 761 3415 tunc
780 3362 808 3414 et
827 3360 861 3414 de
882 3362 956 3416 MV.
1031 3361 1146 3428 spelm

123 3433 215 3502 magis
229 3450 280 3486 om.
296 3434 449 3502 RFprc,
467 3435 560 3502 magis
574 3433 661 3486 miror
675 3433 743 3500 quia
756 3433 847 3501 magis
861 3449 912 3487 om.
927 3433 965 3486 D.
1023 3438 1053 3485 11
1074 3430 1145 3483 mihi

123 3507 217 3557 tamen
232 3505 336 3570 RFa,
350 3507 438 3560 Mers.
514 3512 547 3558 26
561 3504 729 3573 persuadere
746 3504 891 3571 RFpro.
964 3507 998 3556 29
1012 3503 1144 3570 princeps

103 3575 185 3626 lione
200 3577 281 3629 inter
298 3577 342 3630 M
350 3578 404 3633 Vs.
