2400 3862
109 210 175 275 280
428 205 457 262 G.
471 206 571 260 PLINI
589 207 636 260 ΕΤ
655 205 808 261 TRAIANI

469 376 606 434 xxxiv.
631 372 766 451 [xum]

449 502 632 553 TRAIANUS
651 503 788 552 PLINIO.

74 622 86 669 1
175 603 249 667 Tibi
286 603 416 685 quidem
453 601 628 668 secuudum
666 604 811 685 exempla
848 603 1064 686 complurium
1098 605 1132 666 in

109 698 249 757 mentem
278 693 367 756 venit
396 713 492 774 posse
521 690 695 776 collegium
725 691 891 756 fabrorum
922 692 1007 776 apud
1033 692 1132 758 Nico·

108 781 273 846 medenses
289 781 450 846 constitui.
488 779 550 846 Sed
566 781 805 845 meminerimus
820 781 1020 863 provinciam
1034 783 1131 846 istem
1151 810 1164 849 5

108 875 141 935 et
162 870 335 954 praecipue
358 893 429 935 eam
452 871 615 936 civitatem
639 871 707 934 eius
731 870 819 934 modi
842 871 1038 935 factionibus
1060 893 1132 935 esse

108 963 264 1024 vexatam.
318 958 549 1042 Quodcumque
578 980 698 1024 nomen
733 982 772 1023 ex
803 981 1004 1043 quacumque
1035 982 1133 1024 eausa

110 1048 290 1113 dederimus
313 1049 367 1132 iis,
396 1049 452 1132 qui
475 1049 510 1113 in
532 1048 618 1113 idem
646 1048 802 1113 contracti
826 1048 960 1132 fuerint,
986 1051 1133 1130 nefariae

11 1193 13 1196 .
73 1139 286 1203 xsododo'tutes
308 1139 532 1221 hetaeriaeque
560 1139 651 1201 brevi
679 1137 766 1202 fient.
814 1137 870 1202 Sat
856 1140 976 1202 ttius
949 1139 1057 1221 itaque
1082 1142 1133 1202 est

108 1228 288 1381 comparari
315 1250 365 1309 ee,
396 1249 477 1310 quae
505 1227 545 1291 ad
573 1227 802 1293 oo’e'rcendos
793 1249 884 1312 ignes
913 1228 1032 1292 auxilio
1061 1248 1132 1291 esse
1152 1255 1178 1295 ιι

109 1318 252 1399 possint,
280 1317 509 1419 admonerique
533 1317 681 1381 dominos
705 1316 989 1400 praediorum,ut
1012 1317 1076 1380 t
1012 1338 1132 1400 1ps1

108 1365 274 1471 inhibearit
278 1428 371 1490 ,ae,
403 1408 431 1471 si
462 1427 512 1471 res
545 1407 743 1519 poposcerit,
775 1406 912 1470 adcursu
943 1406 1057 1490 populi
1091 1406 1132 1469 ad

107 1497 170 1561 hoc
193 1496 250 1559 uti.

480 1591 599 1650 xxxv
624 1588 757 1667 [xcix]

306 1719 336 1767 Ο.
350 1719 497 1768 PLINIUS
518 1718 678 1769 TRAIANO
697 1717 935 1768 IMPERATORI.
1152 1735 1177 1777 15

176 1818 352 1883 Soiiemnie
375 1822 451 1882 vota
476 1839 535 1901 pro
561 1818 784 1882 incolumitate
810 1821 880 1899 tua,
911 1838 974 1899 qua
1000 1816 1133 1899 publica

109 1908 196 1973 salus
215 1907 413 1990 continetur,
433 1911 466 1971 et
485 1908 698 1990 suscepimus,
718 1906 860 1988 domine,
879 1906 999 1988 pariter
1017 1908 1050 1969 et
1070 1907 1132 1969 sol-

108 1999 213 2062 vimus
237 1997 361 2098 precati
384 1998 474 2080 deos,
497 1999 534 2060 ut
557 1997 660 2059 veiint
683 2018 720 2059 ea
739 2017 864 2079 semper
887 1996 969 2059 solvi
993 2015 1132 2077 semper-

109 2110 171 2170 que
195 2087 324 2172 signari.

480 2180 615 2238 xxxvi.
641 2176 759 2256 [xcx]
1151 2218 1177 2258 ,0

450 2307 632 2357 TRAIANUS
652 2307 790 2357 PLINIO.

176 2408 220 2471 Et
248 2408 382 2472 solvisse
410 2428 467 2471 vos
496 2428 569 2471 oum
597 2405 849 2491 provincialibus
878 2406 926 2470 dis
955 2404 1133 2469 inmortali·

109 2498 169 2562 bus
192 2500 268 2561 vota
290 2518 349 2580 pro
373 2519 444 2560 mea
467 2497 570 2561 salute
588 2500 620 2560 et
638 2495 860 2560 incolumitate
880 2499 912 2559 et
928 2516 1133 2579 nuncupasse

109 2587 258 2669 libenter,
277 2587 322 2650 mi
341 2585 486 2650 Secunde
506 2585 683 2668 carissime,
706 2585 844 2670 cognovi
864 2607 903 2648 ex
920 2585 1037 2648 litteris
1056 2586 1131 2649 tuis.

467 2751 618 2809 xxxvii.
644 2744 777 2829 [xcxi]
1151 2769 1177 2811 ιι

304 2878 335 2928 C.
350 2877 498 2928 PLINIUS
518 2879 678 2929 TRAIANO
698 2876 936 2927 IMPERATORI.

76 2997 89 3042 1
177 2979 214 3042 In
244 3000 345 3062 aquae
376 2978 523 3059 ductum,
557 2978 699 3061 domine,
728 2976 978 3042 Nicomedenses
1009 2976 1131 3060 impen-

110 3068 225 3132 derunt
257 3066 322 3132 HS.
358 3062 447 3153 imi
484 3065 652 3149 co‘oxTX,
692 3067 749 3149 qui
785 3065 992 3149 imperfectus
1025 3065 1131 3130 adhue

109 3159 240 3222 relictus
277 3161 309 3221 et
346 3157 527 3221 destructus
570 3157 677 3220 etiam*
704 3159 765 3237 est3
807 3177 918 3219 rursus
960 3155 994 3218 in
1031 3155 1131 3218 alium

183 3321 266 3368 teas
285 3315 459 3368 civitates..
476 3316 634 3368 ‚vexatas
649 3332 675 3379 a,
697 3314 770 3380 K.,1
786 3313 878 3366 Hurd.
951 3312 987 3366 8
1000 3313 1131 3367 lacunam

110 3406 127 3441 α
147 3388 184 3442 K.
204 3388 358 3441 iudicatam
377 3386 483 3454 capiere
506 3386 624 3440 tcutaoc':
646 3354 790 3438 hetaeriae
810 3399 883 3451 quae
907 3382 1005 3438 breves
1024 3383 1044 3436 f
1063 3385 1130 3451 Bu,

109 3458 280 3525 h.quamvis
298 3455 434 3512 brevesf.
451 3456 521 3523 (tau,
492 3455 667 3525 tivusps'us
685 3454 714 3509 ἑτ
699 3463 847 3523 succosque
866 3454 984 3509 brevif.
1002 3455 1058 3522 Or,
1080 3455 1132 3510 he·
1197 3500 1199 3505 ι

97 3530 208 3583 taurise
225 3546 320 3598 aeque
341 3528 419 3585 brevi
439 3527 459 3582 f.
475 3529 620 3614 Iaphtfoot
637 3529 712 3598 prob.
728 3528 820 3581 Haud.
840 3532 866 3581 et
855 3527 973 3581 tMerr.
1047 3532 1081 3580 29
1102 3529 1131 3581 et

82 3597 171 3653 destr
188 3603 280 3656 etiam
299 3605 339 3673 B,
353 3603 464 3692 Herod,
480 3602 614 3660 ucetiam
626 3601 714 3657 destr
724 3617 743 3654 u
749 3597 956 3666 ,atqueetiam
967 3598 1054 3650 desti
1060 3599 1135 3666 cuiq
