2400 3862
113 215 178 283 318
221 210 250 268 0.
269 211 368 267 PLINI
385 211 433 266 ΕΤ
452 211 606 268 TRAIANI
624 212 884 268 EPISTULARUM
904 219 1055 269 lla-121.

112 377 237 444 dicione
252 376 463 444 certaminum
476 377 579 444 nihilo
594 377 714 464 minus,
729 400 811 464 quae
825 383 898 445 ante
912 376 1138 466 perceperant,

110 490 177 534 non
198 471 399 535 revocantur.

498 559 739 640 enimn]

307 671 338 723 C.
353 672 501 724 PLINIUS
520 673 680 724 TRAIANO
699 673 936 724 IMPERATORI.

77 786 90 834 1
178 772 289 858 Usque
312 773 347 837 in
364 773 427 839 hoc
449 777 590 857 tempus,
614 773 757 856 domine,
783 795 888 858 neque
911 774 1063 858 cuiquam
1086 776 1164 841 di-s

111 864 255 948 plomata
269 862 470 928 commodavi
490 884 594 948 neque
613 863 648 927 in
661 885 729 928 rem
747 863 847 928 ullam
861 863 925 929 nisi
938 867 1028 929 tuam
1047 865 1133 932 misi.

112 952 215 1030 Quam
238 956 426 1037 perpetuam
450 953 662 1018 servationem
686 974 789 1017 meam
816 952 972 1037 quaedem
994 955 1134 1021 necessi-

76 1046 160 1107 2tas
183 1043 280 1126 rupit.
325 1041 429 1108 Uxori
452 1042 537 1106 enim
561 1064 651 1107 meae
674 1042 783 1108 audita
806 1045 909 1108 morte
933 1043 985 1108 avi
1007 1045 1134 1111 volenti

111 1130 151 1196 ad
175 1132 306 1196 amitam
329 1153 420 1196 snam
443 1152 609 1197 excurrere
632 1154 726 1197 usum
745 1154 856 1197 eorum
875 1155 992 1219 negare
1015 1134 1134 1200 durum

110 1221 234 1305 putavi,
258 1242 331 1286 cum
354 1222 428 1286 talis
453 1221 553 1287 officii
576 1222 681 1308 gratia
699 1222 733 1286 in
752 1222 914 1288 celeritate
933 1223 1134 1309 consisteret,
1151 1247 1176 1287 ιι

111 1311 288 1395 sciremque
307 1315 339 1375 te
357 1311 515 1376 rationem
533 1310 657 1377 itineris
676 1311 901 1396 probaturum,
924 1311 1015 1377 cuius
1034 1334 1134 1379 causa

110 1404 179 1466 erat
197 1401 309 1484 pietas.
354 1399 444 1466 Haec
462 1401 523 1466 tibi
542 1402 670 1486 scripsi,
693 1401 769 1485 quia
787 1401 867 1466 mihi
885 1424 999 1486 parum
1018 1408 1133 1489 gratus

110 1490 179 1554 fore
202 1489 349 1573 videbar,
372 1490 399 1555 si
422 1490 674 1556 dissimulassem
697 1491 781 1555 inter
804 1490 867 1555 alia
890 1491 1045 1557 beneficia
1068 1493 1134 1559 hoc

110 1601 210 1645 unum
226 1601 353 1663 quoque
368 1602 419 1644 me
433 1581 547 1646 debere
561 1580 780 1666 indulgentiae
798 1584 887 1664 tuae,
907 1581 993 1666 quod
1013 1581 1134 1649 fiducia

110 1669 178 1734 eius
202 1670 294 1752 quasi
325 1671 472 1734 consulto
502 1673 534 1735 te
561 1691 629 1735 non
656 1670 801 1736 dubitavi
830 1671 948 1754 facere,
979 1692 1077 1756 quem
1105 1673 1134 1739 si
1152 1693 1176 1735 u

111 1759 358 1839 consuluissem,
382 1781 452 1824 sero
476 1759 633 1825 fecissem.

484 1922 757 2003 mmmmm

453 2035 635 2086 TRAIANUS
654 2036 790 2088 PLINIO.

177 2137 293 2202 Merito
312 2135 468 2220 habuisti,
491 2133 636 2201 Secunde
656 2135 832 2219 carissime,
856 2136 1007 2201 fiduciam
1030 2137 1132 2204 animi

111 2226 173 2291 mei
195 2248 255 2292 nec
278 2225 490 2292 dubitandum
512 2225 640 2308 fuisset,
663 2225 691 2290 si
714 2230 928 2310 expectasses,
952 2226 1053 2291 donec
1077 2251 1129 2293 me
1149 2251 1176 2291 ao

111 2318 308 2399 consuleres,
331 2338 372 2380 an
395 2315 457 2380 iter
474 2314 588 2381 'uxoris
612 2319 686 2380 tuae
710 2314 955 2400 diplomatibus,
978 2337 1059 2400 quae
1084 2318 1132 2382 of-

110 2407 185 2471 ficio
214 2409 271 2470 tuo
295 2404 381 2487 dedi,
409 2405 626 2470 adiuvandum
653 2409 751 2489 esset,
780 2427 852 2470 oum
881 2405 966 2490 apud
997 2407 1131 2473 amitam

110 2517 201 2561 suam
231 2515 313 2560 uxor
342 2497 399 2558 tua
428 2495 558 2560 deberet
592 2495 689 2559 etiam
720 2495 881 2561 celeritate
912 2495 1048 2581 gratiam
1077 2496 1131 2563 ad·

110 2590 225 2650 ventus
249 2584 299 2649 sui
322 2605 447 2670 augere.

184 2763 403 2830 lperceperant
421 2762 487 2828 Bo,
504 2761 604 2828 Hasd,
623 2763 791 2830 peregerant
807 2762 855 2828 K,
875 2761 970 2815 Mucii.
1045 2761 1132 2816 tob-

111 2833 297 2888 sarvationem
317 2833 376 2888 aar.
451 2835 531 2887 llte
517 2849 601 2887 Mosa
616 2835 653 2900 A,
671 2833 708 2887 Κ.
784 2838 821 2886 14
831 2850 918 2885 ιιιιιιιιι
933 2848 1044 2901 quoque
1060 2833 1131 2903 aas„

111 2907 185 2972 K.I,
203 2923 291 2958 unum
310 2904 384 2974 quod
403 2922 430 2971 a,
449 2921 505 2958 uno
524 2904 599 2973 quod
614 2905 650 2970 A,
669 2921 724 2958 uno
743 2904 1008 2974 quoqueBeroald,
1027 2877 1131 2960 novuni

111 2993 222 3045 quoque
249 2976 305 3044 Or,
338 2977 439 3044 Hord,
472 2993 582 3045 quoque
617 2976 737 3042 (ἔειπεν,
771 2976 808 3030 K.
827 2977 870 3041 11,
902 2976 997 3043 Mera,
1030 2978 1130 3034 Maeli.

112 3054 144 3103 15
165 3049 246 3118 qnasi
265 3048 392 3103 consulto
412 3051 440 3102 te
454 3049 520 3115 Ba,
537 3050 634 3113 Mera,
654 3066 710 3117 qua
728 3018 887 3102 inconsulto
901 3049 930 3101 te
945 3049 981 3114 A,
1001 3048 1130 3116 quamvis

110 3120 165 3174 inc
179 3123 209 3174 te
230 3121 285 3187 Or,
306 3137 476 3190 quamquam
494 3120 549 3173 inc.
559 3121 597 3173 te
617 3120 664 3187 Κ.,
684 3119 785 3184 Ηανά,
805 3119 952 3174 Masait-
918 3136 1051 3187 -quem
1066 3122 1129 3189 Aa,

112 3161 844 3261 Cat,Merui,quodB‚Hord.,quae’K,ll1'uell.
937 3163 1130 3256 20neo(n01i

111 3264 164 3320 θαι
153 3267 182 3332 t)
202 3263 391 3318 dubitandum
410 3233 496 3317 fnisse
516 3210 627 3333 (fuiesqet
646 3264 712 3329 Bo,
731 3280 766 3318 ec.
782 3262 818 3317 de
837 3261 930 3317 animo
950 3267 1022 3332 meo)
1042 3262 1067 3316 ai
1081 3280 1131 3318 ex·

109 3338 253 3405 poetasses
269 3337 456 3406 (expectasset
474 3336 511 3403 A)
531 3336 632 3401 BAa,
652 3335 792 3400 Beroald,
811 3334 878 3400 Cat,
896 3335 977 3401 K.1;
995 3350 1046 3388 nec
1061 3335 1129 3392 dub.

110 3407 166 3462 fuit
185 3406 261 3480 <tibi
284 3408 377 3461 facere
401 3422 554 3475 quaesere
577 3378 722 3478 fecisses),
747 3406 770 3459 si
795 3408 894 3474 expect
896 3421 972 3460 asses
994 3406 1129 3475 Momm„

109 3480 209 3546 ΚΙΙ,
232 3495 303 3547 quae
323 3478 483 3534 dubitanda
501 3478 614 3545 fuisset,
638 3479 663 3532 si
682 3479 857 3546 expectasses
877 3478 979 3544 Hard,
1001 3494 1053 3533 nae
1072 3451 1129 3534 fuit

94 3549 154 3601 tibi
168 3551 383 3619 expectandum
403 3552 492 3608 Mcrr.
514 3551 562 3622 (cf.
580 3521 668 3610 (licea
684 3550 790 3606 Rcoicw
811 3549 905 3604 XVII
920 3552 979 3617 65),
1000 3549 1048 3606 aed
1065 3551 1129 3610 aida

73 3625 570 3700 wwaJmeanas
