2400 3862
103 226 168 294 246
540 222 568 278 c.
588 222 688 277 amru

68 407 83 454 o
103 387 300 454 verecundia
317 390 437 470 quanta
459 387 564 473 gloria
587 408 627 450 ex
649 386 743 451 facto
780 383 854 471 Ipse
874 408 946 451 sum
965 386 1058 452 testis
1081 387 1127 451 fa

103 477 272 542 miliariter
302 475 341 540 ab
373 498 411 540 eo
442 475 578 542 dilectus
608 476 826 560 probatusque
860 476 959 541 semel
992 476 1126 540 omnino

103 589 155 632 me
182 567 331 631 audiente
358 569 564 651 provectum,
589 569 626 629 ut
651 565 690 629 de
717 565 812 629 rebus
840 565 907 630 suis
934 565 997 630 hoc
1024 588 1127 630 unum

102 657 248 738 referret,
271 655 317 719 ita
340 676 447 720 secum
470 653 644 738 aliquando
669 652 818 718 Cluvium
839 652 999 719 locutum:
1030 652 1128 736 ‘Scia

103 745 251 831 Vergini,
276 765 357 827 quae
375 743 529 809 historiae
547 743 626 808 fides
645 743 811 827 debeatu13
833 743 982 827 proinde,
1005 743 1034 808 si
1049 744 1128 827 quid
1146 764 1157 804 s

104 835 138 899 in
156 833 300 898 historiis
324 833 409 897 meis
422 832 503 918 legis
522 833 629 914 aliter,
652 853 690 897 ac
712 833 826 916 velles,
848 855 928 918 rogo
952 833 1128 918 ignoscas!

104 922 166 987 Ad'
183 924 246 987 hcc
275 923 343 986 ille:
371 921 482 987 ‘Tune
512 922 656 1007 ignoras,
687 919 792 1004 Cluvi,
822 922 894 986 ideo
925 944 976 986 me
1003 921 1127 1005 iecisse,

104 1010 191 1096 quod
214 1010 290 1094 feci,
312 1020 349 1075 ut
372 1016 456 1075 esset
473 1010 610 1076 liberum
629 1011 721 1076 vobis
741 1011 893 1094 scribere,
916 1032 998 1095 quac
1015 1011 1129 1077 libuis-

69 1099 189 1166 cset‘?'
235 1100 305 1186 Age
329 1100 420 1184 dum,
435 1101 529 1170 hune
552 1100 659 1184 ipsum
683 1098 875 1164 Frontinum
898 1100 933 1163 in
958 1101 1022 1166 hoc
1044 1100 1128 1185 ipso,

103 1191 138 1259 in
167 1211 230 1273 quo
258 1190 318 1254 tibi
346 1189 473 1274 parcior
501 1189 627 1254 videtur
654 1193 686 1253 et
708 1189 862 1273 pressior,
893 1210 1126 1274 comparemus.
1146 1211 1170 1250 ro

103 1279 216 1344 Vetuit
244 1279 350 1344 extrui
384 1279 631 1360 monimentum,
660 1278 715 1344 sed
740 1277 856 1360 quibus
884 1278 1013 1342 verbis?
1050 1278 1128 1342 ‘lm-

103 1386 203 1453 pensa
226 1369 416 1433 monimenti
443 1389 641 1452 supervacua
669 1371 731 1450 est,
760 1368 916 1431 memoria
943 1368 1048 1432 nostri
1072 1368 1128 1432 du-

103 1458 201 1540 rabit,
224 1458 252 1524 si
275 1458 342 1522 vita
364 1457 560 1522 meruimus?
607 1455 660 1523 An
681 1456 860 1521 restrictius
886 1456 1051 1521 arbitraris
1071 1479 1130 1541 per

104 1547 215 1612 orbem
238 1550 395 1611 terrarum
423 1546 594 1633 legendum
621 1546 696 1610 dare
724 1545 910 1610 duraturam
937 1546 1127 1611 memoriam

104 1657 196 1699 suam
212 1656 308 1717 quam
327 1657 392 1699 uno
411 1637 445 1699 in
459 1637 532 1700 loco
547 1635 673 1700 duobus
687 1635 854 1701 versiculis
874 1635 1014 1720 signare,
1039 1635 1127 1718 quod
1146 1653 1171 1695 rs

70 1741 84 1786 7
105 1724 240 1788 feceris?
286 1722 488 1806 Quamquam
515 1745 582 1788 non
604 1724 707 1789 habeo
736 1724 938 1808 propositum
962 1725 1056 1789 illum
1080 1747 1127 1789 re-

104 1811 335 1895 prehendendi,
360 1811 414 1876 s'ed
437 1813 525 1877 hune
547 1813 672 1896 tuendi3
696 1814 786 1877 cuius
809 1835 892 1896 quae
909 1817 1018 1896 potest
1040 1814 1128 1898 apud

105 1907 136 1966 te
160 1899 275 1966 iustior
298 1922 366 1966 esse
386 1901 529 1966 defensio
549 1923 645 1984 quam
664 1924 703 1966 ex
722 1904 905 1969 conlatione
924 1902 1007 1986 eius,
1030 1925 1128 1986 quem
1148 1945 1151 1948 -

69 2008 85 2054 8
104 1990 308 2074 praetulisti?
330 1990 403 2054 Meo
423 1990 552 2074 quidem
571 1990 690 2055 iudicio
705 1995 819 2056 neuter
833 1991 1026 2076 culpandus,
1049 2012 1128 2075 quo-

104 2103 177 2146 rum
218 2084 352 2164 uterque
394 2079 433 2144 ad
475 2079 612 2165 gloriam
652 2081 724 2163 pari
765 2081 953 2165 cupiditate,
999 2080 1128 2146 diverso
1148 2101 1173 2140 ao

105 2170 226 2235 itinere
253 2169 432 2251 contendit,
462 2170 556 2252 alter,
585 2168 663 2233 dum
696 2168 817 2253 expetit
847 2170 972 2236 debitos
1003 2171 1129 2254 titulos

106 2260 199 2342 alter,
223 2260 299 2323 dum
322 2260 452 2323 mavult
469 2257 571 2322 videri
595 2260 832 2342 contempsisse.
879 2259 969 2324 Vale.

584 2461 648 2518 XX.

348 2587 378 2636 c.
393 2588 540 2637 ruinius
560 2587 746 2638 venirem
767 2587 836 2636 suo
857 2553 885 2636 s'.

72 2721 85 2768 1
173 2702 242 2767 Tua
260 2725 336 2767 vero
356 2705 494 2787 epistula
512 2708 603 2768 tanto
618 2702 698 2768 mihi
717 2704 888 2769 iucundior
906 2703 982 2787 fuit,
1006 2709 1128 2787 quanto
1148 2724 1173 2764 rs

105 2793 235 2878 longior
258 2796 338 2876 erat,
368 2793 556 2877 praesertim
580 2815 653 2858 cum
677 2792 716 2856 de
743 2792 863 2857 libellis
886 2794 966 2858 meis
990 2796 1060 2858 tcta
1081 2795 1129 2858 lo-

108 2886 270 2966 queretur,
294 2903 374 2964 quos
398 2882 459 2946 tibi
477 2882 637 2964 voluptati
656 2904 724 2946 esse
742 2904 810 2946 non
828 2882 941 2965 miror,
964 2905 1038 2947 eum
1061 2905 1128 2948 om-

70 2971 160 3035 ania
189 2975 300 3036 nostra
328 2969 460 3053 perinde
490 2993 527 3035 ac
557 2992 616 3035 nos
647 2992 742 3035 ames.
787 2972 860 3054 lpse
891 2993 964 3037 cum
988 2972 1128 3036 maxime

106 3059 283 3124 vindemias
320 3060 455 3145 graciles
494 3060 636 3142 quidem,
672 3059 834 3125 uberiores
871 3065 993 3144 tamen,
1031 3083 1128 3144 quam

107 3153 363 3231 expectaueram,
395 3148 528 3234 collig0,
558 3148 586 3213 si
614 3149 765 3234 colligere
789 3153 927 3214 estnon
949 3172 1127 3234 numquam
1147 3171 1173 3210 ao

106 3236 274 3319 decerpere
297 3261 408 3321 uvam,
435 3238 597 3302 torculum
619 3237 771 3320 invisere,
798 3238 969 3325 degustare
992 3238 1031 3303 de
1054 3239 1128 3304 lacu

107 3330 262 3410 mustum,
287 3329 439 3410 obrepere
462 3326 607 3410 urbanis,
634 3328 689 3409 qui
712 3349 799 3392 nunc
822 3328 950 3394 rusticis
973 3334 1128 3411 praesunt

107 3437 220 3498 meque
244 3417 377 3482 notariis
401 3421 433 3482 et
454 3416 630 3481 lectoribus
653 3415 861 3499 reliquerunt.
907 3417 996 3482 Vale.

104 3533 210 3540 ——
215 3536 236 3539 .-.
251 3536 321 3541 -...-.

154 3608 266 3662 crelin
283 3611 332 3680 M,
351 3613 406 3683 K,
425 3613 528 3683 Mera,
548 3611 637 3670 velles
658 3611 778 3682 Dpro,
798 3611 897 3666 Maeli.
