2400 3862
364 209 624 264 EPISTULARUM
642 209 669 264 11
689 216 714 278 1,
733 215 758 264 2.
1029 211 1070 277 31

106 365 214 456 incant,
234 396 283 439 me
310 396 437 456 semper
463 372 660 438 nominabat.
711 372 797 450 Quin
825 372 922 437 etiam
950 373 985 436 in
1011 371 1107 436 haee

105 457 230 526 novbrima
254 463 438 528 valetudine
465 463 599 545 veritus,
627 485 668 527 ne
696 462 781 528 forte
808 463 893 526 inter
915 461 1073 544 quinque-

104 544 158 611 viros
174 556 339 635 crearetur,
363 553 420 635 qui
442 552 624 616 minuendis
652 552 790 635 publicis
814 551 998 635 sumptibus
1026 551 1073 614 iu-

100 633 154 700 iicio
172 645 289 707 senatus
309 641 603 724 constituebantur,
626 663 699 706 cum
722 641 771 705 illi
794 644 845 705 tot
868 640 962 704 amici
982 662 1073 704 senes

79 728 299 814 ramularesque
323 735 538 815 superessent,
562 753 613 794 me
631 730 728 795 huius
752 731 879 812 natatio,
896 752 955 812 per
978 750 1071 811 quem

92 823 268 904 cremaretur,
287 821 387 905 elegit
403 819 455 884 his
475 819 604 903 quidem
622 821 742 885 verbis:
774 819 900 884 ‘Etiam
923 819 951 884 si
969 818 1073 882 filium

90 901 215 994 haberem,
232 909 301 975 tibi·
312 908 519 975 mandarem?
555 908 679 986 Quibus
698 931 738 974 ex
756 909 860 973 causis
878 929 1008 973 necesse
1026 911 1075 971 est
1094 917 1127 966 10

88 994 217 1080 tanquam
239 1000 434 1063 inmaturam
458 1002 595 1063 mortem
618 999 686 1063 eius
705 999 740 1062 in
759 999 831 1062 sinu
849 1001 907 1061 tuo
931 997 1074 1078 defleam,

88 1080 212 1152 titanen
232 1088 282 1153 fas
305 1092 355 1153 est
378 1092 434 1152 aut
456 1088 533 1152 flere
556 1091 612 1151 aut
634 1088 766 1152 omnino
790 1091 927 1152 mortem
950 1108 1074 1169 vocare,

29 1256 31 1267 Ι
59 1184 132 1251 ¹⁰qva
148 1177 222 1241 tanti
248 1176 310 1241 viri
338 1178 519 1242 mortalitas
547 1178 649 1262 magis
677 1177 770 1240 finita
798 1197 896 1258 quam
922 1175 990 1239 vita
1017 1178 1074 1239 est.

29 1274 31 1283 '
86 1254 152 1327 Vivit
170 1267 251 1330 eninr
275 1267 426 1350 vivetque
450 1288 575 1350 semper
598 1270 694 1349 atque
717 1267 815 1329 etiam
833 1265 930 1329 latius
954 1265 988 1327 in
1011 1286 1075 1328 me-
1093 1273 1126 1322 11

85 1353 161 1417 moria
183 1355 350 1421 hominum
379 1359 411 1420 et
439 1377 586 1420 sermone
612 1355 805 1437 versabitur,
833 1357 1006 1438 postquam
1034 1353 1074 1416 ab

85 1441 160 1507 0criis
179 1444 318 1510 recessit.

85 1609 90 1623 .
124 1527 210 1598 Volui
240 1533 302 1598 tibi
329 1533 432 1598 multa
464 1533 527 1596 alia
558 1533 708 1616 scribere,
740 1533 796 1598 sed
828 1536 917 1597 totus
949 1531 1075 1595 animus
1095 1540 1127 1589 12

54 1619 181 1690 ¹⁵1nhac
210 1645 276 1687 una
307 1623 580 1705 contemplatione
616 1622 739 1687 defixus
772 1625 828 1687 est.
884 1620 1075 1706 Verginium

83 1707 177 1795 cogito,
199 1711 392 1797 Verginium
415 1711 522 1792 vide0,
546 1711 737 1797 Verginium
761 1712 824 1775 iam
848 1711 939 1775 vanis
963 1710 1075 1794 imagi-

80 1790 165 1882 nibus,
190 1801 372 1866 recentibus
399 1804 520 1884 tamen,
549 1800 658 1885 audio,
688 1801 859 1884 adloquor,
887 1803 995 1882 teneo;
1023 1799 1075 1864 cui

80 1877 190 1955 fortasse
213 1891 299 1956 cives
322 1891 449 1974 aliquos
472 1889 647 1955 virtutibus
670 1911 763 1974 pares
792 1893 824 1954 et
856 1889 1012 1953 habemus
1044 1892 1076 1951 et

79 1964 259 2063 habebimus,
276 1979 386 2065 ,gloria
407 1979 577 2044 neminem.
624 1978 713 2044 Vale.

47 2157 66 2198 ¹⁰
369 2205 374 2211 -
544 2163 584 2221 H.

311 2271 504 2322 crunnus
522 2271 685 2322 Prunnvo
707 2270 776 2320 suo
797 2268 825 2318 a.

120 2363 253 2453 Irascor,
279 2392 339 2435 nec
365 2371 469 2455 liquet
497 2370 592 2452 mihi,
619 2393 660 2434 an
687 2369 834 2452 debeam,
863 2368 918 2432 sed
948 2369 1111 2434 irascor.1

77 2441 142 2540 Scis,
159 2481 257 2543 quam
277 2459 320 2523 ait
337 2481 428 2524 amor
446 2460 577 2542 iniquus
596 2458 772 2541 interdurn,
791 2459 954 2541 impotens
973 2479 1077 2541 saepe,

75 2552 240 2630 μικραίτιος
263 2570 396 2632 semper.
441 2548 532 2614 Haec
554 2553 664 2613 tamen
686 2570 782 2613 causa
800 2570 920 2633 magna
939 2551 1000 2629 est,
1023 2570 1076 2611 ne-

43 2632 126 2699 ascio
142 2661 182 2703 an
200 2639 299 2702 iusta:
318 2638 374 2702 sed
392 2660 467 2724 ego,
484 2642 649 2720 tamquam
667 2659 733 2701 non
751 2638 857 2702 minus
876 2639 962 2700 iusta
981 2657 1076 2718 quarn

73 2737 173 2811 magna
196 2728 253 2810 sit,
276 2727 417 2813 graviter
439 2728 574 2810 irascor,
593 2727 679 2810 quod
699 2749 718 2790 a
740 2730 772 2790 te
790 2730 858 2790 tam
883 2727 938 2789 diu
951 2725 1078 2789 litterae

70 2814 178 2881 rutae·
217 2816 436 2882 Exorare‘me
458 2821 551 2899 potes
574 2838 639 2880 uno
663 2815 773 2899 mode,
797 2815 824 2879 si
848 2836 935 2879 nunc
963 2814 1076 2878 saltem
1096 2830 1111 2876 a

69 2901 211 2982 plurimas
235 2909 268 2970 et
287 2905 493 2992 longissimas
511 2905 644 2970 miseris.
689 2903 779 2968 Haec
797 2903 879 2967 mihi
898 2904 967 2968 sola
985 2925 1078 2968 excu-

68 2993 139 3058 satio
161 3017 250 3076 vera,
274 2999 397 3060 ceterae
420 2996 520 3060 falsae
547 2994 749 3058 videbuntur.
795 2992 873 3057 Non
895 3014 967 3056 sum
990 2993 1077 3056 audi-

34 3082 161 3148 ⁸⁰turus:
180 3083 273 3148 ‘Non
291 3106 378 3148 eram
397 3083 535 3148 Romae'
552 3085 617 3147 vel:
636 3081 848 3165 ‘Occupatior
867 3081 978 3165 ernm',
996 3082 1076 3145 illud

65 3173 142 3236 enim
168 3193 228 3238 nec
256 3173 289 3237 di
321 3172 442 3256 sinant,
473 3176 510 3256 ut
538 3171 733 3236 ‘infirmior’.
788 3170 861 3255 Ipse
894 3171 934 3235 ad
966 3172 1077 3236 villam

130 3407 163 3456 14
189 3400 254 3457 volo
279 3401 458 3471 RFDpa,
482 3403 569 3456 Mera.
662 3407 695 3455 16
724 3417 784 3469 cog.
812 3400 895 3470 Verg.
922 3417 973 3455 cm.
1000 3400 1075 3456 MV.

61 3477 93 3526 17
118 3471 278 3529 recentibus
303 3489 354 3527 om.
380 3472 453 3528 RF.
527 3478 560 3528 18
587 3472 697 3542 aliquos
721 3473 795 3528 cives
820 3474 847 3529 R
860 3474 887 3528 F
894 3490 950 3542 pc,
973 3472 1083 3539 Stupet,

60 3544 152 3609 Merr,
174 3545 272 3598 Muell,
361 3549 398 3599 30
420 3545 497 3602 enim
516 3565 573 3621 pro
597 3564 678 3605 eram
699 3549 787 3622 Mpr
812 3547 936 3618 fumosae
953 3551 1044 3608 recte,
1062 3540 1103 3602 ti·

49 3613 195 3680 adm.
211 3618 256 3678 rc,
271 3617 296 3668 a
