2400 3862
117 198 162 263 34
556 195 584 250 c.
603 195 703 250 rami

117 359 270 442 verearis,
292 381 332 424 ne
356 360 398 424 sit
421 358 500 423 mihi
524 380 659 424 onerosa
681 359 744 425 ista
771 359 911 425 donatio.
959 357 1043 427 Sunt
1072 364 1144 447 qui·

118 448 188 512 dem
217 449 349 512 omnino
377 448 470 513 nobis
500 449 644 514 modicae
671 450 857 532 facultates,
884 449 1026 535 dignitas
1055 472 1144 518 sum-

115 541 247 621 ptuosa,
269 539 390 601 reditus
413 540 546 620 propter
574 538 796 604 condicionem
823 539 1002 624 agellorum
1030 543 1142 608 nescio

117 628 287 691 minorari
310 627 475 709 incertior3
499 627 568 709 sed,
596 629 682 710 quod
707 631 810 693 cessat
833 651 873 692 ex
890 627 1010 711 reditu,
1032 629 1144 717 fruga-

116 715 208 779 litate
232 717 414 799 suppletur,
438 738 478 780 ex
496 738 561 800 qua
578 719 668 782 velut
686 739 703 781 e
721 717 811 783 fonte
829 717 1008 782 liberalitas
1028 725 1174 791 nostrae

80 804 270 888 4decurrit3
303 815 384 888 quae
415 809 524 869 tamen
556 806 603 871 ita
633 806 841 890 temperanda
872 810 934 889 est,
966 829 1008 872 ne
1040 808 1144 875 nimia

116 893 304 976 profusione
326 894 498 976 inarescat,
521 894 576 959 sed
604 895 814 979 temperanda
845 896 880 960 in
919 895 1004 980 aliis,
1041 897 1077 962 in
1110 904 1143 965 te

116 1004 191 1134 {sem
215 982 310 1048 facile
333 984 416 1049 ratio
440 983 614 1067 constabit,
643 985 769 1049 etiamsi
796 984 928 1050 modum
958 990 1142 1053 excesserit.

148 1073 206 1136 ale.

609 1167 645 1225 V.

367 1275 398 1326 Ο.
413 1275 561 1326 PLINIUS
580 1275 750 1327 LUPEROO
769 1275 839 1327 SUO
860 1276 888 1327 S.
1161 1301 1186 1343 20

81 1396 95 1442 1
187 1373 357 1440 Actionem
386 1379 418 1440 et
442 1398 460 1439 a
483 1379 515 1440 te
538 1375 723 1461 frequenter
751 1375 962 1462 efflagitatam
987 1381 1019 1442 et
1047 1401 1066 1443 a
1090 1403 1143 1446 me

116 1485 210 1546 saepe
238 1465 430 1547 promissam
458 1465 591 1529 exhibui
618 1465 691 1546 tibi,
718 1465 863 1529 nondum
890 1470 1000 1531 tamen
1022 1471 1142 1554 totam3

80 1553 220 1620 aadhuc
244 1554 327 1617 enim
352 1575 426 1636 pars
450 1554 518 1617 eius
537 1555 724 1637 perpolitur.
770 1553 917 1634 Interim,
942 1576 1023 1639 quae
1047 1558 1142 1624 abso-

114 1642 234 1705 lutiora
256 1642 336 1705 mihi
359 1642 563 1726 videbantur,
592 1664 658 1707 non
686 1643 749 1708 fuit
772 1643 913 1708 alienum
936 1645 1057 1711 iudicio
1080 1651 1141 1714 tuo

114 1731 206 1794 tradi.
243 1730 304 1794 His
328 1735 463 1816 turego
486 1732 699 1796 intentionem
718 1733 887 1798 scribentis
906 1736 1184 1809 accommodes1⁶

114 1819 207 1884 Nihil
239 1820 325 1883 enim
357 1820 461 1884 adhuc
493 1821 578 1885 inter
610 1844 723 1887 manus
752 1821 866 1905 habui,
899 1823 951 1888 cui
983 1825 1141 1892 maiorem

80 1930 95 1978 3
114 1908 364 1973 sollicitudinem
382 1913 543 1992 praestare
562 1910 717 1976 deberem.
749 1910 834 1975 Nam
853 1912 888 1975 in
907 1914 1020 1979 ceteris
1040 1916 1141 1981 actio·

113 2000 209 2063 nibus
229 1999 460 2063 existimationi
478 2000 646 2063 hominum
670 1999 838 2085 diligentia
856 2005 983 2066 tantum
1007 2006 1040 2066 et
1058 2003 1141 2070 fides

114 2092 238 2171 nostra,
266 2089 301 2151 in
328 2089 389 2152 hac
417 2089 512 2152 etiam
537 2088 640 2171 pietas
669 2089 851 2154 subicietur.
897 2089 976 2156 lnde
1000 2096 1033 2156 et
1055 2093 1142 2159 liber

114 2178 227 2259 crevit,
260 2178 336 2240 dum
366 2199 479 2242 ornare
506 2179 643 2260 patriam
674 2181 706 2242 et
729 2180 926 2262 amplificare
949 2180 1141 2267 gaudemus,
1158 2214 1185 2255 ω

78 2267 234 2349 rpariter
270 2271 302 2330 et
339 2267 517 2331 defensioni
553 2267 620 2331 eius
659 2269 814 2332 servimus
846 2271 879 2332 et
910 2269 1041 2354 gloriae.
1087 2271 1140 2338 Tu

113 2359 222 2419 tamen
240 2357 319 2420 haec
337 2357 423 2438 ipsa,
447 2360 603 2438 quantum
622 2357 704 2420 ratio
725 2357 879 2442 exegerit,
902 2379 1018 2423 reseca.
1052 2358 1140 2436 Quo-

113 2446 197 2508 tiens
221 2444 307 2508 enim
331 2443 370 2507 ad
394 2445 558 2509 fastidium
581 2446 758 2529 legentium
778 2447 971 2531 deliciasque
989 2450 1141 2535 respicio,

114 2535 266 2618 intellego
298 2533 392 2598 nobis
417 2534 728 2600 commendationem
752 2540 785 2600 et
812 2559 852 2600 ex
873 2536 945 2619 ipsa
968 2536 1140 2604 mediocri·

78 2627 179 2689 etate
206 2623 281 2686 libri
308 2624 488 2705 petendam.
534 2623 624 2688 ldem
648 2627 768 2702 tamen,
799 2627 855 2709 qui
879 2648 898 2688 a
920 2629 952 2690 te
975 2627 1060 2691 hanc
1083 2651 1139 2693 au·
1157 2658 1184 2701 25

114 2712 289 2776 steritatem
315 2711 424 2796 exigo,
447 2733 546 2797 cogor
568 2714 616 2796 id,
641 2714 728 2798 quod
751 2714 911 2779 diversum
936 2719 997 2797 est,
1026 2721 1140 2800 postu·

113 2803 196 2883 lare,
229 2805 265 2865 ut
297 2801 331 2863 in
361 2801 522 2884 plerisque
553 2803 694 2867 frontem
727 2804 880 2869 remittas.
935 2802 1019 2868 Sunt
1051 2807 1139 2872 enim

114 2891 270 2973 quaedam
299 2890 550 2954 adulescentium
582 2893 712 2956 auribus
742 2893 859 2976 danda,
890 2894 1080 2977 praesertim
1110 2898 1139 2962 si

113 2980 247 3044 materia
281 3001 347 3043 non
379 2980 571 3065 refragetur,
609 3004 684 3046 nam
717 2982 947 3066 descriptiones
979 2984 1139 3070 locorum,

114 3091 194 3151 quae
225 3071 258 3133 in
285 3068 349 3134 hoc
376 3070 459 3134 libro
490 3069 723 3153 frequentiores
751 3076 858 3154 amnt,
888 3094 954 3137 non
981 3072 1138 3140 historice
1157 3105 1184 3146 ω

79 3161 254 3240 stantum,
284 3159 339 3222 sed
366 3180 466 3242 prope
491 3161 616 3242 po'e‘tice
638 3161 791 3244 prosequi
814 3161 863 3225 fas
883 3166 939 3227 est.
977 3160 1071 3238 Quod
1089 3168 1138 3228 ta

113 3269 188 3311 men
220 3248 247 3311 si
280 3248 351 3331 quis
385 3249 529 3313 extiterit
561 3250 617 3333 qui
649 3253 742 3333 putet
774 3272 834 3315 nos
866 3251 982 3315 laetius
1012 3251 1137 3338 fecisse,

184 3392 200 3438 5
220 3404 235 3441 e
256 3389 309 3455 (ex)
329 3389 383 3455 Fp
393 3406 416 3454 r,
442 3388 515 3452 Otto,
540 3389 648 3455 Maeli,
672 3405 722 3443 om.
742 3390 809 3455 rell,
833 3406 867 3443 ex
886 3407 941 3456 quo
960 3389 1038 3445 velut
1056 3391 1137 3448 fonte

112 3458 127 3512 ?
146 3459 182 3512 K.
266 3464 282 3512 8
302 3459 386 3513 facile
405 3461 434 3514 et
452 3460 526 3514 ratio
541 3461 572 3515 F
579 3461 617 3527 D,
638 3460 695 3515 fei
709 3479 731 3514 r.
743 3461 780 3514 K.
792 3462 831 3514 II
850 3462 898 3529 (cf.
916 3479 1016 3532 porey.
1031 3467 1075 3530 38,
1095 3469 1135 3532 4).

81 3535 145 3644 8215
141 3530 323 3654 AEprr'getppue
335 3531 451 3600 Fpra,
475 3532 545 3601 Otto,
560 3533 659 3588 Maeli.
734 3538 768 3586 32
784 3531 870 3585 latius
885 3534 938 3602 Fp
945 3551 969 3600 r,
984 3533 1091 3588 leutius
1106 3553 1135 3604 a,
