2400 3862
122 199 186 266 386
561 196 589 250 c.
608 195 707 251 sunu

122 358 301 426 viderintne
320 364 473 444 umquam
492 360 649 447 principis
662 361 825 427 lacrimas:
849 363 882 425 at
900 365 1030 427 senatus
1051 383 1147 446 saepe

121 449 279 516 viderunt.
327 449 476 516 Onerasti
499 451 626 516 futuros
649 450 825 535 principes,
853 449 908 516 sed
935 453 967 516 et
994 454 1146 536 posteros

121 543 258 607 nostros.
304 539 389 606 Nam
403 543 435 606 et
448 540 483 605 hi
497 562 517 605 a
530 539 730 625 principibus
744 541 810 606 suis
825 541 963 625 exigent,
981 544 1019 606 ut
1032 541 1147 606 eadem

121 630 231 696 audire
255 633 451 714 mereantur,
474 634 506 696 et
528 630 590 714 illi,
619 630 706 714 quod
728 652 795 696 non
822 631 971 713 audiant,
998 630 1147 717 indigna·

67 715 112 787 'll
121 720 250 786 buntur.
287 719 381 787 Nihil
398 719 501 807 magis
520 741 653 806 possum
667 719 797 805 proprie
817 719 930 809 dicere,
944 742 1041 804 quam
1058 720 1146 804 quod
1168 739 1180 780 s

122 809 243 876 dictum
272 812 321 875 est
353 832 372 874 a
401 813 517 875 cuncto
551 812 677 875 senatu:
715 807 757 875 <Ο
788 813 820 875 te
852 809 1008 875 felicem'l
1051 808 1146 887 Quod

122 921 195 966 cum
215 899 407 983 diceremus,
429 921 496 965 non
511 920 588 984 opes
602 901 689 983 tuas,
712 898 767 965 sed
781 898 925 964 animum
940 899 1146 965 mirabamur.

121 989 171 1054 lla
189 989 274 1054 enim
295 988 423 1054 demum
440 1011 516 1054 vera
533 988 686 1074 felicitas,
708 989 861 1055 felicitate
881 989 1015 1076 dignum
1034 988 1145 1055 videri.

86 1093 102 1142 a
123 1077 199 1163 Sed,
219 1100 292 1144 cum
312 1079 415 1143 multa
432 1078 490 1144 illo
510 1077 560 1143 die
580 1078 666 1144 dicta
684 1081 760 1144 sunt
777 1078 939 1164 sapienter
957 1081 989 1144 et
1003 1079 1147 1165 graviter

122 1172 192 1233 tum
215 1169 267 1233 vel
290 1167 474 1253 inprimis:
506 1166 622 1233 ‘Crede
645 1168 753 1251 nobis,
778 1169 870 1234 crede
893 1167 979 1234 tibi’
1024 1166 1188 1255 Magnam

87 1258 185 1323 choc
208 1257 327 1323 fiducia
348 1257 465 1342 nostri,
494 1258 614 1324 maiore
642 1262 751 1323 tamen
778 1257 828 1322 tui
855 1256 1003 1323 diximus.
1050 1256 1146 1324 Alius

122 1347 208 1413 enim
231 1347 369 1413 fortasse
391 1348 505 1431 alium,
532 1348 639 1433 ipsum
668 1370 701 1414 se
724 1369 819 1413 nemo
844 1347 1019 1433 deceperit,
1044 1347 1146 1414 intro·

122 1437 238 1520 spiciat
261 1437 356 1503 modo
380 1437 481 1502 vitam
509 1459 620 1522 seque,
653 1438 730 1521 quid
758 1440 930 1519 mereatur,
957 1436 1145 1524 interroget.

121 1526 261 1591 Proinde
293 1526 390 1592 dabat
417 1527 552 1593 vocibus
579 1527 699 1592 nostris
733 1527 830 1592 fidem
867 1526 952 1611 apud
984 1527 1146 1611 optimum

122 1615 309 1701 principem,
329 1614 416 1700 quod
435 1616 521 1701 apud
540 1618 641 1682 malos
661 1616 857 1682 detrahebat.
890 1615 1044 1693 Quamvis
1060 1617 1146 1682 enirn
1164 1634 1188 1676 1⁶

122 1706 312 1789 faceremus,
342 1726 423 1789 quae
446 1709 589 1772 amantes
614 1707 729 1790 solent,
750 1706 800 1771 illi
823 1710 930 1771 tamen
953 1728 1020 1771 non
1043 1706 1146 1772 amari

86 1813 103 1860 4
122 1818 156 1861 se
175 1792 354 1860 credebant
366 1794 435 1859 sibi.
483 1793 587 1880 Super
604 1796 684 1862 haec
701 1797 824 1881 precati
843 1818 968 1878 sumus,
990 1799 1028 1861 ut
1047 1796 1095 1863 sic
1112 1800 1146 1862 te

122 1888 266 1950 amarent
289 1883 322 1948 di
346 1905 441 1968 quem
465 1884 505 1949 ad
528 1884 660 1950 modum
679 1889 716 1949 tu
734 1907 803 1951 nos.
849 1884 928 1962 Quis
948 1885 1012 1951 hoc
1030 1891 1088 1952 aut
1106 1885 1146 1951 de

122 1997 156 2041 se
175 1978 232 2039 aut
254 1974 394 2059 principi
422 1974 542 2040 diceret
569 1974 774 2040 mediocriter
796 1975 938 2040 amanti?
963 1974 1026 2040 Pro
1049 1975 1145 2042 nobis

121 2065 200 2149 ipsis
232 2064 362 2149 quidem
394 2064 473 2130 haec
502 2064 565 2130 fuit
595 2087 722 2130 summa
753 2068 919 2149 votorum,
951 2067 988 2129 ut
1015 2087 1075 2131 nos
1099 2065 1146 2131 sic
1164 2085 1189 2125 so

123 2158 267 2220 amarent
296 2154 329 2219 di
357 2176 421 2238 quo
450 2155 546 2221 modo
574 2158 618 2220 tu.
664 2154 765 2220 llstne
788 2177 913 2239 verum,
947 2154 1034 2238 quod
1061 2155 1147 2220 inter

122 2246 186 2310 ista
208 2245 431 2310 clamavimus:
464 2243 509 2311 ‘0
532 2267 591 2311 nos
614 2243 761 2310 felices'?
794 2242 879 2321 Quid
905 2244 992 2309 enim
1019 2244 1146 2311 felicius

121 2334 230 2416 nobis,
254 2335 371 2417 quibus
390 2356 457 2400 non
475 2335 540 2400 iam
557 2334 639 2400 illud
659 2334 836 2419 optandum
855 2336 918 2418 est,
940 2337 977 2399 ut
994 2355 1055 2399 nos
1075 2333 1146 2398 dili·

87 2437 103 2488 s
122 2427 178 2511 gat
192 2422 350 2507 princeps,
365 2425 420 2489 sed
434 2429 469 2489 ut
482 2425 516 2489 di
530 2446 626 2508 quem
640 2424 680 2489 ad
694 2425 827 2490 modum
836 2423 1008 2508 princeps?
1024 2421 1145 2490 civitas

121 2512 333 2599 religionibus
373 2513 480 2578 dedita
519 2535 708 2598 semperque
741 2515 873 2580 deorum
909 2513 1146 2598 indulgentiam
1164 2533 1189 2574 rs

122 2603 243 2686 pietate
266 2601 380 2667 merita
402 2602 485 2668 nihil
507 2603 655 2668 felicitati
679 2626 754 2669 suae
777 2606 871 2688 putat
893 2602 1017 2668 adstrui
1040 2624 1148 2688 posse,

122 2691 185 2758 nisi
209 2694 247 2756 ut
269 2691 303 2755 di
327 2689 494 2757 Gaesarem
518 2692 693 2758 imitentur.

68 2776 112 2847 75
191 2779 254 2846 Sed
278 2781 356 2865 quid
379 2781 508 2867 singula
531 2785 699 2848 consector
727 2786 759 2847 et
783 2780 924 2868 colligo?
952 2781 1145 2865 quasivero

123 2874 178 2935 aut
201 2871 346 2936 oratione
369 2869 540 2955 complecti
568 2876 624 2936 aut
651 2872 806 2937 memoria
833 2870 985 2955 consequi
1013 2871 1147 2955 possim,

124 2982 205 3044 quae
224 2982 295 3043 vos,
315 2964 420 3045 patres
440 2961 629 3046 conscripti,
647 2984 687 3027 ne
707 2983 770 3046 qua
788 2961 994 3045 interciperet
1013 2960 1146 3045 oblivio,
1165 2981 1190 3022 so

124 3054 157 3116 et
179 3049 214 3114 in
236 3051 368 3134 publica
390 3053 462 3114 acta
484 3050 642 3116 mittenda
665 3056 697 3117 et
719 3050 889 3117 incidenda
916 3051 951 3115 in
978 3072 1050 3115 aere
1074 3071 1146 3115 cen-

87 3139 240 3205 asuistis.
288 3138 374 3205 Ante
402 3139 563 3206 orationes
592 3142 775 3226 principum
804 3144 932 3206 tantum
960 3139 1028 3204 eius
1057 3140 1146 3205 modi

195 3315 211 3366 5
230 3311 272 3366 nil
291 3313 450 3384 Boroecque
470 3331 499 3383 p.
518 3318 582 3382 207,
601 3314 674 3369 nihil
692 3316 765 3385 culp.
787 3347 818 3354 -
842 3331 893 3383 pro
912 3331 943 3370 rs
962 3315 1074 3380 Baebr„
1093 3330 1146 3383 pro

123 3386 151 3440 ts
173 3384 285 3453 Sosim,
304 3386 352 3440 sed
372 3404 395 3441 o.
416 3387 521 3442 Boeo.
542 3387 630 3442 Wiea.
645 3387 723 3444 stoc.
737 3386 788 3442 IX
808 3391 868 3441 171.
978 3391 994 3441 8
1017 3403 1051 3441 aa
1069 3386 1146 3440 enim

111 3457 185 3513 eona
199 3456 249 3526 K,
264 3458 346 3529 prob.
362 3459 473 3527 Maeli,
493 3459 536 3515 est
555 3458 630 3513 enim
648 3460 730 3528 vulp,
749 3460 792 3513 est
810 3457 887 3512 enim
906 3458 1020 3531 (haec)
1040 3459 1145 3514 Baetr.

98 3531 137 3581 ar
153 3530 188 3585 nt
198 3531 267 3589 add
281 3532 323 3590 K.
334 3534 379 3605 Π,
389 3535 508 3607 Baelo,
520 3533 631 3604 Maeli,
645 3531 683 3603 cf.
693 3549 715 3589 e.
725 3533 885 3601 coesse
898 3547 939 3597 eq.
987 3535 1024 3582 ae
1035 3546 1062 3583 e.
1074 3530 1144 3584 Bor-

83 3613 196 3672 mam
206 3623 243 3677 p.
257 3609 326 3666 214.
408 3617 445 3669 32
464 3613 536 3670 ante
557 3608 634 3689 <te>
655 3608 730 3667 cont.
748 3605 789 3661 K.
899 3659 901 3665 ,
