2400 3862
121 203 187 271 298
439 201 467 259 c.
486 199 586 256 annu
604 201 651 256 sa
670 200 823 260 ramniu

122 365 306 430 consultum
329 365 491 450 pertinens
515 366 554 431 ad
578 366 688 432 eadem
712 389 831 454 genera
848 369 1030 452 causarum,
1054 369 1143 453 quod

122 453 161 519 de
183 454 223 521 iis
247 459 374 521 tantum
396 455 572 542 provinciis
599 457 762 542 loquitur,
787 458 904 542 quibus
932 458 1143 543 proconsules

121 548 289 629 praesunt,
316 545 452 630 ideoque
475 567 543 611 rem
571 546 730 632 integram
759 546 884 628 distuli,
911 546 988 613 dum
1011 553 1058 629 tc,
1088 548 1144 613 do·

121 634 221 719 mine,
244 637 456 721 praeceperis,
479 635 556 720 quid
580 636 749 701 observare
772 659 823 701 me
845 636 933 702 velis.

455 855 590 914 annu,
616 851 807 934 [aarum]
1162 871 1173 913 r

464 982 645 1034 TRAIANUS
664 980 800 1034 PLINIO.

189 1096 224 1164 si
250 1099 331 1165 mihi
359 1101 694 1165 senatusconsultum
722 1101 858 1186 miseris,
888 1103 974 1186 quod
1003 1101 1143 1168 haesita·

119 1189 242 1254 tionem
264 1189 325 1254 tibi
347 1189 437 1272 fecit,
465 1190 653 1274 aestimabo,
681 1213 723 1255 an
746 1190 859 1256 debeas
884 1212 1079 1277 cognoscere
1103 1193 1143 1257 de

121 1279 330 1365 agnoscendis
353 1278 463 1344 liberis
487 1283 520 1344 et
541 1279 703 1344 natalibus
727 1281 793 1344 suis
817 1280 1031 1348 restituendis.

493 1499 627 1559 LXXIV.
658 1496 764 1576 [ΧΠ]
1160 1514 1183 1555 ro

316 1625 347 1677 O.
362 1626 510 1678 PLINIUS
529 1625 689 1678 TRAIANO
709 1626 946 1677 IMPERATORI.

86 1761 100 1809 1
187 1741 380 1828 Appuleius,
409 1743 551 1826 domine,
578 1744 685 1826 miles,
712 1743 768 1827 qui
792 1747 841 1808 est
863 1743 898 1808 in
920 1743 1059 1808 statione
1082 1743 1141 1811 Ni-

120 1833 316 1915 comedensi,
340 1833 468 1917 scripsit
486 1832 566 1896 mihi
582 1833 740 1916 quendam
755 1832 884 1898 nomine
900 1830 1142 1919 Callidromum,

121 1943 194 1986 cum
218 1921 412 1987 detineretur
434 1946 454 1986 a
467 1921 608 1986 Maximo
633 1926 665 1986 et
679 1921 837 2006 Dionysio
856 1923 1046 2006 pistoribus,
1071 1925 1141 2008 qui-

119 2011 180 2076 bus
199 2034 312 2097 operas
332 2033 405 2077 suas
423 2013 598 2094 locaverat,
621 2010 805 2097 confugisse
828 2013 868 2076 ad
887 2016 975 2076 tuam
999 2016 1141 2078 statuam
1159 2031 1183 2072 rs

120 2103 374 2186 perductumque
405 2103 445 2166 ad
479 2100 685 2187 magistratus
721 2100 878 2166 indicasse
915 2101 1051 2167 servisse
1083 2104 1140 2167 ali·

120 2192 248 2275 quando
285 2191 422 2256 Laberio
459 2190 601 2255 Maximo
644 2194 837 2274 captumque
878 2214 897 2254 a
938 2187 1062 2277 Susago
1105 2193 1141 2257 in

119 2279 242 2383 Moesia
265 2285 339 2383 etta
357 2280 655 2383 Decibaloqmuneri
677 2281 811 2383 missam
828 2278 965 2383 bacone,
989 2280 1141 2384 Partlriae

84 2369 1140 2547 2ttsltlttttmdttttttttttttattt
1158 2480 1184 2521 ,ο

66 2585 67 2588 ¹
119 2550 309 2633 perductum
328 2549 452 2634 adme,
475 2571 548 2614 cum
567 2548 677 2614 eadem
695 2552 867 2633 narrasset,
886 2548 1080 2614 mittendum
1099 2550 1140 2615 ad

119 2643 151 2703 te
175 2638 299 2723 putavi3
323 2639 409 2722 quod
432 2640 530 2723 paulo
553 2638 676 2703 tardius
699 2639 774 2722 feci,
800 2639 876 2705 dum
899 2639 1027 2722 requiro
1051 2661 1140 2725 gem·

120 2751 221 2812 mam,
254 2750 350 2812 quam
383 2728 445 2793 sibi
478 2766 520 2775 —
553 2727 724 2793 habentem
755 2728 928 2814 imaginem
960 2727 1074 2793 Pacori
1107 2734 1141 2794 et

84 2835 100 2883 a
120 2817 236 2902 quibus
260 2821 391 2883 ornatus
415 2818 530 2882 fuisset
548 2854 592 2863 —
611 2817 807 2883 subtractam
834 2817 1003 2883 indicabat.
1038 2818 1139 2884 Volui

120 2909 204 2973 enim
223 2908 307 2973 hanc
327 2929 467 2991 quoque,
491 2908 519 2972 si
537 2906 674 2972 inveniri
692 2908 864 2990 potuisset,
888 2907 984 2972 simul
1001 2908 1138 2990 mittere,
1158 2927 1184 2970 ss

120 2998 203 3063 sicut
227 2997 389 3085 glebulam
413 2996 499 3080 misi,
524 3018 620 3080 quam
643 3018 677 3061 se
701 3019 741 3061 ex
763 2996 913 3061 Parthico
937 2998 1068 3062 metallo
1093 3002 1139 3063 at-

119 3088 232 3152 tulisse
269 3086 402 3152 dicebat.
450 3084 585 3172 Signata
621 3090 669 3151 est
706 3087 802 3150 anulo
839 3108 925 3170 meo,
962 3088 1053 3152 cuius
1090 3092 1139 3153 est

119 3177 385 3262 aposphragisma
409 3175 572 3261 quadriga.

192 3410 207 3459 a
226 3406 259 3459 tu
277 3406 340 3460 aaa.
357 3405 416 3461 cat.
526 3377 619 3457 esua
638 3421 665 3470 a,
685 3403 723 3457 K.
733 3403 777 3470 11,
795 3403 897 3471 nara,
915 3405 988 3458 vers
1006 3405 1043 3471 A,
1063 3405 1101 3460 K.
1112 3408 1138 3472 1,

114 3479 216 3533 Maeli,
287 3483 320 3532 16
335 3476 452 3562 servisse
468 3474 518 3546 <se
556 3475 654 3530 Maeli.
693 3545 711 3558 ..
728 3478 761 3527 23
776 3477 806 3558 et
820 3474 1138 3604 quibus<insignibusg

102 3563 161 3602 orn.
182 3550 252 3617 Cat,
273 3551 305 3605 et
322 3566 405 3605 curus
426 3565 486 3607 orn.
547 3590 562 3617 .,
581 3563 647 3604 oum
664 3544 730 3601 aliu
748 3544 852 3615 quibus
869 3563 929 3601 orn.
945 3547 1081 3616 Momms,
1101 3565 1119 3602 a

84 3616 132 3682 r‘r'rr,
156 3621 269 3689 quibas
286 3621 405 3680 locatus
425 3622 443 3681 ?
463 3622 567 3682 Musti.
588 3637 669 3680 csuoe
688 3618 799 3675 addas
