2400 3862
112 188 175 252 170
547 183 575 238 o.
595 183 694 237 runo

108 370 284 431 numquam
317 348 512 432 necessitati,
546 369 628 432 quae
660 369 734 433 pars
766 348 902 413 rationis
934 351 998 432 est,
1029 347 1135 432 parui.

109 438 172 523 Egi
205 438 290 503 enim
321 437 474 522 quasdam
507 460 526 501 a
563 441 676 502 senatu
713 438 833 521 iussus,
857 458 920 521 quo
953 441 1064 501 tamen
1101 437 1136 501 in

108 549 242 592 numero
265 528 397 592 fuerunt
420 549 460 592 ex
482 526 540 591 illa
557 525 717 592 Thraseae
740 527 911 611 divisione,
934 527 998 591 hoo
1021 529 1073 590 est
1095 526 1136 590 ad

73 632 89 681 8
109 618 294 700 exemplum
318 616 523 699 pertinentes.
560 615 662 681 Adfui
680 615 821 681 Baeticis
845 619 958 681 contra
976 613 1137 680 Baebium

109 706 262 770 Massam:
301 706 482 789 quaesitum
515 710 576 788 est,
614 727 655 769 an
693 705 798 770 danda
834 709 919 771 esset
950 704 1168 789 inquisiti055

110 795 184 859 data
207 798 263 859 est.
294 794 411 859 Adfui
432 815 544 859 rursus
572 795 674 859 isdem
699 795 907 879 querentibus
931 795 969 859 de
994 792 1137 859 Caecilio

111 882 265 949 Classico:
305 885 487 968 quaesitum
526 888 589 967 est,
630 906 671 948 an
707 884 921 969 provinciales
958 887 996 948 ut
1028 884 1136 949 socios

110 973 339 1057 ministrosque
369 973 573 1058 proconsulis
603 973 703 1058 plecti
733 977 911 1058 oporteret,
941 994 1063 1058 poenas
1087 974 1137 1038 lu·

75 1066 212 1126 serunt.
259 1062 418 1128 Accusavi
446 1063 584 1128 Marium
607 1063 768 1146 Priscum,
802 1063 858 1147 qui
885 1064 957 1148 lege
984 1066 1137 1146 repetun-

110 1150 223 1216 darum
254 1152 423 1217 damnatus
453 1153 606 1217 utebatur
636 1152 808 1218 elementia
836 1152 932 1237 legis,
964 1152 1057 1216 ouius
1088 1174 1136 1218 se·
1156 1175 1180 1213 ro

110 1241 278 1306 veritatem
309 1242 509 1307 immanitate
542 1242 715 1307 criminum
746 1245 939 1324 excesserat3
971 1242 1136 1327 relegatus

58 1347 91 1396 10
111 1335 167 1398 est.
210 1331 325 1396 Tuitus
345 1354 416 1397 sum
435 1330 555 1397 Iulium
573 1330 711 1397 Bassum
730 1334 768 1395 ut
785 1330 1018 1396 incustoditum
1037 1330 1136 1395 nimis

110 1424 142 1484 et
165 1421 331 1486 incautum
358 1422 404 1485 ita
426 1421 558 1486 minime
582 1422 718 1504 malum,
748 1419 908 1485 iudicibus
936 1419 1078 1504 acceptis
1102 1420 1136 1484 in

58 1529 89 1576 11
110 1513 223 1573 senatu
246 1511 408 1576 remansit,
454 1510 532 1574 Dixi
550 1511 696 1594 proxime
714 1531 775 1594 pro
790 1508 919 1574 Vareno
938 1509 1137 1594 postulante,

110 1602 147 1661 ut
171 1597 233 1662 sibi
256 1600 394 1664 invicem
418 1620 551 1664 evocare
574 1603 672 1665 testes
696 1599 822 1683 liceret;
844 1599 1053 1683 impetratum
1078 1604 1135 1664 est.
1156 1618 1179 1659 rs

110 1685 338 1769 inposterum
363 1692 440 1771 opto
469 1692 506 1752 ut
529 1710 567 1752 ea
594 1687 801 1773 potissimum
825 1687 949 1772 iubear,
978 1709 1059 1771 quae
1085 1711 1135 1754 me

111 1775 222 1839 deceat
244 1776 296 1839 vel
321 1781 435 1860 sponte
459 1777 581 1841 fecisse.
628 1777 717 1842 Vale.

574 1927 666 1985 XXX.

259 2034 289 2084 C.
305 2034 451 2084 PLINIUS
470 2034 615 2085 FABATO
634 2034 847 2086 PROSOOERO
868 2036 937 2086 SUO
958 2037 985 2086 S.

76 2156 89 2200 1
178 2135 340 2200 Debemus
364 2134 545 2200 mehercule
564 2135 687 2199 natales
706 2138 779 2199 tuos
798 2135 931 2220 perinde
950 2159 987 2201 ac
1005 2142 1136 2204 nostros
1155 2157 1180 2197 2⁰

111 2224 284 2307 celebrare,
308 2246 382 2290 cum
395 2223 518 2288 laetitia
532 2228 718 2288 nostrorum
733 2246 773 2288 ex
789 2225 853 2290 tuis
867 2226 1019 2310 pendeat,
1043 2228 1135 2293 cuius

75 2331 91 2378 2
112 2312 280 2396 diligentia
299 2318 332 2379 et
350 2336 427 2379 cura
444 2313 498 2378 hic
516 2313 650 2398 hilares,
673 2313 747 2379 istic
766 2315 870 2380 securi
889 2337 1008 2380 sumus.
1046 2315 1136 2382 Villa

112 2400 314 2486 Camilliana,
348 2425 444 2486 quam
473 2403 508 2468 in
532 2401 708 2487 Campania
734 2404 893 2489 possides,
926 2409 974 2470 est
1004 2406 1134 2488 quidem

110 2494 270 2555 vetustate
294 2497 421 2576 vexata3
445 2516 482 2558 ea
504 2498 627 2577 tamen,
652 2514 732 2576 quae
757 2498 833 2559 sunt
855 2494 1055 2578 pretiosiora,
1079 2501 1136 2560 aut

75 2599 90 2646 3
111 2581 237 2665 integra
260 2585 393 2645 manent
416 2588 471 2647 aut
500 2583 664 2648 levissime
686 2584 772 2648 laesa
796 2588 879 2649 sunt.
926 2582 1133 2650 Attendimus
1153 2601 1178 2641 2⁶

111 2691 203 2755 ergo,
226 2672 378 2752 utquam
398 2673 605 2737 saluberrime
624 2672 817 2737 reficiantur.
860 2672 931 2757 Ego
951 2673 1062 2738 videor
1079 2675 1135 2738 ha·

110 2761 184 2824 bere
215 2759 334 2823 multos
366 2760 499 2844 amicos,
531 2763 586 2827 sed
616 2762 712 2826 huius
743 2761 886 2846 generis,
917 2763 1007 2827 cuius
1036 2766 1069 2827 et
1098 2768 1135 2827 tu

75 2869 91 2914 4
112 2849 238 2933 quaeris
254 2852 286 2912 et
299 2869 350 2912 res
366 2848 480 2934 exigit,
503 2873 604 2934 prope
618 2850 789 2914 neminem.
824 2848 908 2914 Sunt
922 2852 1007 2915 enim
1023 2875 1134 2918 omnes

111 2939 215 3022 togati
248 2942 280 3002 et
311 2937 439 3021 urbani3
476 2940 670 3005 rusticorum
704 2943 811 3003 autem
844 2940 1048 3022 praediorum
1083 2943 1135 3007 ad-

111 3027 306 3091 ministratio
330 3027 435 3111 posoit
458 3029 574 3092 durum
593 3029 735 3112 aliquem
754 3031 786 3092 et
805 3033 976 3113 agrestem,
1000 3032 1052 3095 cui
1075 3054 1135 3097 nec
1154 3048 1180 3086 ³⁰

110 3116 203 3180 labor
230 3117 286 3181 ille
310 3116 417 3202 gravis
445 3138 505 3181 nec
534 3140 610 3182 cura
632 3117 761 3183 sordida
784 3140 843 3183 neo
866 3118 969 3184 tristis
993 3121 1134 3186 solitudo

76 3205 265 3271 evidentur.
307 3204 357 3269 Tu
380 3205 419 3270 de
443 3204 529 3270 Rufo
553 3206 779 3271 honestissime
802 3208 940 3293 cogitas3
963 3208 1027 3272 fuit
1049 3211 1134 3274 enim

184 3352 198 3399 2
211 3363 266 3413 quo
277 3347 364 3400 etiam
376 3363 428 3414 pro
439 3362 494 3414 quo
504 3348 600 3400 tamen
613 3347 675 3401 Otto
684 3350 738 3402 303
748 3364 785 3413 u,
801 3362 874 3414 quae
883 3347 968 3401 tertio
979 3348 1134 3403 anaubcn.

112 3423 146 3471 24
166 3434 199 3472 ea
213 3420 309 3472 tamen
323 3436 349 3485 a,
364 3419 403 3473 K.
417 3420 457 3472 ΙΙ
471 3419 554 3486 (disp.
569 3420 591 3472 Ι
601 3435 631 3486 p.
648 3421 706 3486 13),
725 3418 834 3484 Maeli,
854 3420 883 3473 et
897 3421 917 3472 t.
932 3419 962 3472 D
965 3435 1018 3486 pr,
1039 3421 1134 3474 tamen

91 3490 153 3605 ff,
162 3491 205 3611 llll
216 3491 242 3543 1.
319 3495 353 3543 25
367 3488 541 3544 attendimus
557 3491 595 3544 Μ
599 3507 630 3557 a,
649 3490 724 3556 K.I,
743 3489 921 3543 attendemus
936 3490 967 3543 D
970 3506 1022 3558 pr,
1043 3491 1080 3544 K.
1092 3495 1134 3558 ΙΙ,

127 3574 166 3610 ue
186 3601 191 3611 .
