2400 3862
100 182 163 245 172
535 177 563 232 C.
582 177 682 232 PLINI

97 346 188 426 parte
216 365 308 408 veros
333 364 400 407 esse
425 342 606 424 constabat,
637 363 677 406 ex
704 345 795 426 parte
822 342 897 407 falsi
925 341 1124 408 dicebantur.

61 430 384 497 8Substituebantur
420 431 547 496 arimini
585 430 794 514 Sempronius
833 430 980 515 Senecio,
1023 453 1124 516 eques

97 520 276 604 Romanus,
292 525 323 584 et
337 521 553 606 Eurythmus,
568 519 712 585 Caesaris
726 520 861 586 libertus
876 525 909 586 et
922 525 1125 605 procurator.

96 609 251 693 Heredes,
293 632 366 675 curn
406 609 521 675 Caesar
558 614 643 675 esset
684 610 717 673 in
750 609 864 693 Dacia,
906 612 1126 676 communitor

97 701 235 783 epistula
265 700 385 783 scripta
415 700 587 783 petierant,
617 702 655 763 ut
684 699 861 781 susciperet
892 700 1156 784 cognitionema

61 808 75 850 o
97 788 296 872 Susceperat.
343 788 501 853 Reversus
531 789 614 852 diem
644 788 774 852 dederat
797 792 841 872 et,
872 810 946 853 cum
970 810 1010 854 ex
1032 787 1124 854 hore-

96 877 190 941 dibus
221 877 351 961 quidam
390 878 482 962 quasi
516 877 694 941 reverentia
725 877 900 962 Eurythmi
936 878 1126 944 omittment

95 966 342 1051 accusationem,
365 967 580 1051 pulcherrime
604 966 741 1031 dixeratz
765 966 849 1032 ‘Nec
870 967 926 1031 ille
941 966 1124 1052 Polyclitus

96 1059 145 1119 cst
171 1078 231 1120 nec
255 1079 315 1142 ego
338 1055 452 1122 Nero'.
498 1053 680 1120 Indulserat
702 1060 811 1120 tamen
834 1055 1019 1140 petentibus
1043 1057 1124 1122 dila-

95 1146 229 1229 tionem,
272 1146 362 1211 cuius
395 1150 540 1228 temporo
572 1149 684 1210 exacto
723 1146 912 1210 consederat
943 1145 1123 1212 auditurus.
1144 1166 1168 1205 11

43 1250 76 1298 1ο
96 1234 126 1298 A
149 1241 241 1319 parte
266 1236 417 1300 heredum
441 1236 642 1300 intravenmt
666 1235 729 1298 duo
755 1235 901 1319 omnin03
938 1236 1123 1320 postulave-

95 1330 183 1405 runt,
229 1329 288 1389 aut
329 1347 439 1390 omnes
480 1324 612 1389 heredes
653 1346 748 1409 agera
793 1328 1000 1409 cogerentur,
1047 1347 1123 1390 cum

96 1414 285 1479 detulissent
309 1437 433 1498 omnes,
461 1418 518 1479 aut
540 1414 604 1479 sibi
627 1435 755 1497 quoque
779 1414 930 1478 desistere
958 1413 1123 1498 permitte-

43 1518 75 1566 11
95 1508 192 1568 retur.
239 1503 381 1568 Locutus
412 1507 461 1567 est
492 1502 607 1568 Caesar
637 1524 763 1567 summa
793 1504 965 1588 gravitate,
995 1525 1123 1568 summa

96 1592 328 1675 moderatione,
347 1615 485 1675 cumque
504 1592 678 1657 advocatus
694 1590 879 1657 Senecionis
899 1596 932 1656 et
945 1591 1122 1677 Eurythmi
1141 1619 1165 1661 11

96 1681 229 1745 dixisset
261 1681 499 1765 suspicionibus
536 1680 675 1764 relinqui
707 1702 793 1765 reos,
829 1682 893 1746 nisi
924 1682 1122 1767 audirentur,

96 1769 187 1833 ‘Non
209 1769 303 1833 curo'
326 1771 446 1852 inquit,
470 1769 527 1833 ‘an
551 1771 606 1834 isti
628 1770 865 1854 suspicionibus
886 1771 1121 1855 relinquantur,

43 1874 75 1921 12
96 1881 156 1944 ego
180 1858 370 1942 relinquor’.
407 1859 491 1921 Dein
510 1880 683 1924 conversus
708 1861 748 1923 ad
771 1881 844 1924 nos:
873 1859 1121 1944 ‘'Eacorqocre,

95 1948 173 2032 quid
200 1949 304 2013 facere
334 1948 520 2031 debeamus,
551 1949 605 2012 isti
634 1949 719 2012 enim
751 1949 843 2031 queri
874 1949 1001 2032 volunt,
1032 1950 1122 2034 quod

94 2039 159 2102 illis
182 2039 312 2103 licuerit
333 2059 399 2102 non
423 2037 593 2102 accusare!
643 2037 725 2101 Tum
751 2060 790 2101 ex
814 2038 942 2103 consilii
961 2041 1121 2104 sententia
1140 2063 1165 2102 11

95 2129 189 2193 iussit
212 2128 395 2192 denuntiari
421 2125 593 2191 heredibus
624 2126 788 2210 omnibus,
818 2132 874 2191 aut
903 2132 1035 2213 agerent
1063 2133 1122 2193 aut

95 2218 216 2302 singuli
240 2218 455 2301 adprobarent
479 2237 590 2282 causas
614 2238 680 2280 non
704 2216 834 2301 agendi3
864 2217 987 2301 alioqui
1011 2240 1044 2282 se
1068 2219 1121 2283 vel

95 2305 133 2369 de
157 2307 319 2370 calumnia
342 2307 636 2391 pronuntiaturum.

41 2409 74 2455 13
161 2394 275 2478 Vides,
299 2418 396 2478 quarn
411 2396 553 2479 honesti,
573 2417 669 2479 quam
685 2397 787 2460 severi
806 2396 887 2479 dies,
911 2417 992 2479 quos
1008 2397 1118 2461 iucun-

94 2483 244 2547 dissimae
278 2486 482 2551 remissiones
521 2486 746 2568 sequebantur.
791 2485 1034 2550 Adhibebamur
1067 2506 1119 2550 co·
1138 2508 1163 2548 aa

93 2573 172 2637 tidie
192 2594 301 2655 cenae;
325 2578 393 2638 erat
411 2575 551 2659 modica,
570 2575 598 2640 si
616 2576 796 2659 principem
815 2575 981 2660 cogitares.
1019 2572 1119 2638 Inter-

95 2663 171 2727 dum
205 2667 386 2726 acroamata
419 2665 641 2747 audiebamus,
683 2665 845 2730 interdum
878 2664 1118 2729 iucundissimis

166 2863 182 2908 6
201 2856 276 2909 diem
295 2856 406 2909 dixerat
424 2857 541 2925 Dyrra,
563 2858 632 2912 Otto.
736 2862 766 2909 11
788 2856 843 2909 duo
863 2857 991 2910 omnino:
1012 2858 1117 2925 postul.

94 2929 131 2981 K.
147 2929 190 2993 ΙΙ,
206 2927 274 2994 (111ος
294 2944 367 2981 omn.
382 2929 455 2994 post.
471 2929 508 2982 K.
525 2931 549 2982 Ι.
615 2933 648 2980 12
668 2929 719 2981 aut
733 2929 770 2981 K.
786 2929 830 2994 ΙΙ,
844 2928 879 2994 cf.
894 2929 973 2995 infra
988 2931 1026 2983 ad
1039 2933 1117 2996 1121,

92 3001 125 3051 ut
144 2999 174 3052 D
178 3012 263 3066 pac,
283 3015 333 3053 om.
350 3000 387 3054 M
392 3017 416 3064 r,
435 3000 467 3051 ut
486 3001 535 3052 aut
549 3000 648 3053 Maeli.
724 3004 756 3052 18
777 2999 843 3052 dein
858 3000 896 3052 M
901 3018 928 3066 a,
947 3001 994 3066 K,
1014 3000 1118 3055 deinde

93 3071 179 3138 Dpr,
203 3072 238 3136 cf.
258 3087 344 3139 supra
363 3071 401 3123 ad
418 3074 464 3134 20,
485 3075 528 3124 12.
549 3102 582 3109 —
607 3066 783 3138 ἐπιστήσατλι
803 3073 847 3137 Μ,
870 3067 1030 3138 accordante
1049 3073 1118 3138 De,

93 3142 233 3208 Beroatd,
261 3145 357 3210 Pomp.
384 3142 471 3206 Laet,
498 3137 688 3209 aeruscatores
714 3144 755 3208 B,
782 3141 890 3209 carae,
913 3141 1066 3197 ἐπίστασθε
1091 3161 1117 3208 a,

93 3213 127 3279 ef.
144 3213 235 3267 Wilde
250 3232 279 3281 p.
296 3217 350 3267 116
367 3229 421 3281 sqq.
513 3219 546 3266 19
567 3213 646 3281 queri
665 3213 764 3266 volunt
782 3214 812 3266 D
816 3230 899 3282 pra,
921 3214 959 3267 K.
974 3216 1000 3278 I,
1020 3216 1117 3282 quaeri

92 3284 191 3338 volunt
202 3285 245 3350 M,
258 3285 356 3352 quaeri
366 3284 466 3338 nolunt
474 3286 510 3338 K.
523 3286 562 3338 11
568 3285 650 3353 (disp.
660 3288 724 3353 Hp.
733 3287 790 3351 13),
801 3285 900 3339 Maeli.
975 3285 1027 3336 20*
1042 3287 1116 3353 quod

93 3354 148 3409 sibi
171 3355 284 3410 licuerit
307 3373 364 3410 non
388 3373 445 3410 acc.
465 3357 551 3421 codd,
569 3357 652 3426 only,
676 3372 721 3423 qu.
746 3355 802 3409 sibi
825 3373 881 3409 non
904 3356 949 3408 lic.
974 3372 1038 3409 non.
1059 3373 1115 3409 acc.

95 3427 215 3494 Gesner„
239 3445 284 3496 qu.
306 3427 361 3482 sibi
379 3446 436 3482 non
454 3428 499 3482 lic.
519 3443 576 3480 acc.
597 3427 743 3494 Schaefer,
767 3429 875 3492 Merit,
899 3426 975 3495 quod
994 3426 1051 3480 illis
1070 3427 1115 3480 lic.

85 3516 145 3550 non
158 3517 217 3553 acc.
234 3517 290 3570 eye,
311 3502 346 3568 cf.
362 3502 506 3555 editionem
525 3516 612 3553 meam
626 3516 652 3552 c.
669 3500 939 3568 1904,11p.663q.
1014 3504 1046 3553 21
1067 3502 1117 3552 aut

70 3582 117 3631 ag.
137 3570 260 3637 msa,
283 3575 317 3626 nt
335 3589 381 3645 ag.
397 3576 442 3630 M
436 3592 469 3646 p.
