2400 3862
95 191 114 254 8
531 182 560 235 o.
579 180 678 236 parur

94 348 174 412 mihi
202 347 263 413 hae
287 347 355 411 sola
378 345 522 411 mercede
545 367 640 430 posse
664 345 841 430 corrumpi,
868 349 906 410 ut
929 347 981 411 vel
1003 352 1115 414 contra

59 437 243 505 cBaeticos
271 437 383 500 adsim.
430 433 534 499 Paene
562 435 727 519 praeterii,
755 436 842 519 quod
868 435 1002 501 minime
1024 458 1112 520 prae

93 526 284 590 tereundum
315 524 389 608 fuit,
421 525 581 608 accepisse
612 546 663 588 me
687 525 824 590 cariotas
849 524 1002 608 optimas,
1033 547 1115 610 quae

93 637 179 679 nunc
203 635 274 679 cum
300 615 370 679 ficis
394 618 426 678 et
449 614 565 678 boletis
590 613 776 678 certandum
799 613 927 678 habent.
973 613 1065 681 Vale.

567 814 650 872 νΠΙ·
1134 847 1145 885 a

234 942 264 992 Ο.
280 942 428 992 PLINIUS
448 941 612 992 POMPEIO
635 935 842 993 SATURNINO
863 942 932 993 SUO
953 941 980 992 S.

59 1064 70 1110 1
151 1041 395 1125 Peropportune
419 1040 498 1106 mihi
521 1040 663 1105 redditae
688 1044 764 1106 sunt
785 1042 911 1106 litterae
935 1046 1024 1126 tuae,
1047 1045 1117 1127 qui·

92 1133 152 1197 bus
172 1132 357 1217 flagitabas,
374 1134 411 1195 nt
429 1130 489 1194 tibi
508 1130 629 1214 aliquid
648 1153 688 1195 ex
706 1131 835 1215 scriptis
850 1131 929 1195 meis
944 1132 1118 1216 mitterem,

93 1243 165 1285 cum
198 1243 257 1307 ego
289 1220 321 1285 id
352 1222 459 1304 ipsum
489 1219 707 1284 destinassem.
753 1220 916 1306 Addidisti
947 1243 1024 1306 ergo
1053 1224 1118 1287 cal-

93 1312 178 1375 caria
206 1315 320 1394 sponte
353 1310 493 1374 currenti
523 1310 706 1393 pariterque
737 1313 770 1374 et
791 1309 853 1374 tibi
874 1309 1003 1374 veniam
1026 1333 1155 1383 recu-10

93 1401 184 1464 sandi
214 1399 334 1463 laboris
365 1403 397 1463 et
420 1399 500 1464 mihi
523 1399 672 1484 exigendi
695 1398 921 1463 verecundiam
945 1400 1118 1466 sustulisti.

58 1489 177 1556 aNam
208 1510 267 1554 nec
297 1510 348 1552 me
376 1487 488 1552 timide
510 1489 560 1551 uti
583 1487 674 1552 decet
697 1510 749 1570 eo,
779 1487 865 1572 quod
890 1489 1034 1552 oblatum
1058 1495 1118 1570 est,

91 1600 151 1642 nac
180 1582 213 1641 te
243 1577 384 1662 gravari,
415 1577 502 1660 quod
532 1576 760 1660 depoposcisti.
812 1574 889 1641 Non
920 1581 968 1642 est
997 1581 1117 1663 tamen,

93 1667 179 1750 quod
203 1667 243 1730 ab
265 1667 396 1730 homine
415 1665 575 1730 desidioso
595 1666 717 1748 aliquid
735 1665 812 1730 novi
831 1666 937 1750 operis
957 1671 1117 1750 expectes.

92 1756 256 1821 Petiturus
288 1776 358 1819 sum
389 1755 490 1837 enim,
518 1758 556 1819 ut
582 1776 693 1818 rursus
716 1776 809 1819 vaces
834 1755 987 1838 sermoni,
1014 1745 1117 1840 'quem
1137 1788 1155 1828 a

92 1846 176 1928 apud
207 1845 386 1927 municipes
416 1865 505 1907 meos
528 1843 627 1907 habui
649 1843 878 1908 bibliothecam
903 1845 1117 1910 dedicaturus.

57 1934 225 2002 3Memini
257 1933 386 2017 quidem
416 1937 449 1996 te
480 1933 542 1995 iam
575 1933 730 2015 quaedam
761 1937 904 2015 notasse,
935 1933 990 1997 sed
1020 1956 1117 2019 gene·

91 2025 215 2107 raliter3
250 2023 322 2087 ideo
352 2043 439 2086 nuno
467 2043 562 2106 r0g0,
593 2026 629 2086 ut
658 2044 725 2086 non
754 2025 880 2086 tantum
910 2024 1116 2088 universitati

92 2114 159 2177 eius
184 2113 346 2194 attendas,
369 2133 479 2176 verum
504 2111 600 2175 etiam
625 2112 813 2194 particulas,
837 2133 900 2193 qua
924 2114 1008 2176 soles
1026 2113 1116 2198 lima,

92 2202 302 2285 persequaris.
344 2201 418 2265 Erit
440 2200 525 2264 enim
550 2205 581 2263 et
604 2203 679 2284 post
702 2201 958 2266 emendationem
976 2202 1116 2268 liberum
1135 2234 1155 2274 a

55 2311 71 2357 4
91 2292 185 2355 nobis
209 2292 261 2355 vcl
283 2292 448 2374 publicare
469 2290 521 2353 vel
540 2290 713 2354 continere.
756 2288 840 2365 Quin
859 2290 957 2354 immo
977 2290 1116 2357 fortasse

91 2381 174 2444 hanc
203 2382 306 2464 ipsam
335 2379 571 2444 cunctationem
600 2382 744 2442 nostram
773 2379 807 2443 in
835 2381 1020 2444 alterutram
1046 2403 1115 2446 sen-

90 2471 225 2533 tentiam
246 2470 477 2534 emendationis
496 2468 578 2532 ratio
598 2468 747 2550 deducet,
771 2489 852 2551 quae
871 2472 926 2533 aut
944 2469 1114 2555 indignum

92 2560 246 2641 editione,
278 2560 353 2622 dum
379 2558 505 2641 saepius
529 2561 694 2640 retractat,
725 2558 867 2622 inveniet
890 2562 946 2622 aut
970 2559 1115 2643 dignum,

57 2649 168 2713 tdum
199 2649 231 2711 id
262 2649 369 2730 ipsum
400 2648 575 2730 experitur,
605 2646 732 2711 efficiet.
786 2646 987 2729 Quamquam
1017 2649 1113 2713 huius
1134 2680 1155 2720 ss

92 2738 306 2802 cunctationis
330 2758 419 2800 meae
444 2758 556 2800 causae
579 2759 645 2801 non
668 2739 735 2800 tam
759 2736 793 2800 in
817 2736 944 2819 scriptis
964 2758 1060 2818 quam
1080 2740 1114 2802 in

91 2827 161 2908 ipso
186 2828 338 2891 materiae
362 2848 478 2911 genere
502 2827 698 2909 consistunt,
722 2830 771 2890 est
794 2825 879 2888 enim
903 2827 1000 2908 paulo
1021 2829 1113 2910 quasi

92 2916 266 3000 gloriosius
290 2919 323 2980 et
347 2916 475 2979 elatius:
499 2916 645 2979 onerabit
668 2915 731 2978 hoc
749 2914 940 2978 modestiam
959 2920 1113 3000 nostram,

92 3006 218 3070 etiamsi
249 3005 342 3070 stilus
374 3006 442 3087 ipse
473 3025 602 3086 pressus
632 3004 853 3085 demissusque
876 3003 988 3086 fuerit,
1016 3027 1112 3089 prop-

91 3099 178 3159 terea
216 3094 302 3176 quod
336 3095 482 3178 cogimur
513 3114 586 3157 cum
619 3094 658 3157 de
690 3092 910 3157 munificentia
941 3097 1111 3178 parentum
1132 3125 1155 3164 30

56 3190 276 3249 onostrorum
307 3186 378 3246 tum
410 3183 448 3246 de
477 3185 589 3246 nostra
619 3183 792 3266 disputare.
838 3180 967 3265 Anceps
997 3182 1051 3247 hic
1081 3189 1113 3248 et

91 3275 234 3337 lubricus
258 3273 349 3335 locus
374 3275 436 3353 est,
467 3271 563 3335 etiam
587 3293 660 3336 cum
684 3271 733 3334 illi
755 3271 928 3336 necessitas
951 3272 1112 3336 lenocina-

163 3506 177 3553 3
212 3503 339 3553 careotas
373 3500 502 3564 RFra,
535 3501 644 3567 Maeli,
677 3516 810 3568 careopas
838 3500 882 3566 D,
916 3500 1045 3567 caryotas
1075 3501 1113 3555 K.

74 3576 117 3617 17
128 3573 248 3623 notasse
264 3573 427 3640 ffFpra,
448 3571 601 3628 adnotasse
622 3574 659 3628 M
667 3573 700 3640 V,
719 3572 780 3628 edd.
