2400 3862
102 199 166 266 314
419 195 447 251 0.
466 194 566 250 PLINI
583 191 631 250 ET
650 192 804 251 TRAIANI

498 365 572 427 oin.
602 362 721 444 [ona]

458 494 641 545 TRAIANUS
660 493 797 544 PLINIO.

170 609 261 676 Sicut
273 610 461 697 largitiones
481 634 521 677 ex
539 611 669 697 publico
685 610 755 675 fieri
773 609 924 675 mandata
937 609 1129 695 prohibent,

103 699 161 784 ita,
189 723 229 765 ne
252 701 428 766 multorum
451 701 603 766 securitas
628 700 813 785 subruatur,
841 700 941 765 factas
969 703 1045 766 ante
1071 701 1129 766 eli·

102 793 259 874 quantum
277 791 431 875 temporis
454 790 621 856 retractari
640 794 736 874 atque
759 789 794 854 in
812 788 944 854 inritum
965 789 1158 856 vindIcaris

101 901 168 981 non
191 883 326 981 oportet.
365 879 528 983 Quidquid
551 901 627 967 ergo
651 901 692 944 ex
713 878 775 945 hec
798 900 894 982 causa
917 881 1026 982 ectum
1050 883 1128 983 ante

101 967 1127 1212 {itti,tiituini>eintdtffusstbf'drmt'ttiidmdidi.

139 1169 172 1212 m
194 1170 235 1213 vo
251 1170 278 1213 o.

487 1295 578 1356 oxu.
603 1293 737 1373 [orm]
1145 1313 1168 1353 a

297 1422 328 1473 C.
342 1423 490 1474 PLINIUS
509 1423 670 1475 TRAIANO
689 1422 927 1474 IMPERATORI.

69 1555 83 1604 1
170 1541 239 1606 Lex
273 1539 441 1627 Pompeia,
477 1541 620 1626 domine,
662 1563 726 1625 qua
757 1540 893 1626 Bithyni
930 1543 962 1605 et
994 1538 1128 1608 Pontici

104 1634 253 1714 utuntur,
276 1652 344 1715 eos,
368 1631 424 1715 qui
442 1631 477 1695 iu
499 1631 597 1696 bulen
616 1654 635 1696 a
653 1630 840 1696 censoribus
858 1630 1025 1716 leguntur,
1050 1631 1127 1697 dare

104 1720 274 1804 pecuniam
309 1741 376 1784 non
411 1720 515 1805 iubet3
551 1721 606 1786 sed
642 1720 679 1805 ii,
717 1741 797 1804 quos
834 1719 1038 1806 indulgentia
1070 1723 1128 1786 tna

105 1808 296 1893 quibusdam
325 1809 509 1875 civitatibus
537 1832 634 1895 super
662 1810 844 1896 legitimum
873 1831 1043 1875 numerum
1072 1810 1127 1875 ad·
1145 1829 1168 1871 u

104 1899 187 1964 icere
206 1898 364 1984 permisit,
388 1903 420 1964 et
438 1899 566 1985 singula
589 1899 679 1964 milia
697 1899 899 1964 denariorum
924 1902 956 1963 et
977 1897 1056 1963 bina
1079 1899 1127 1964 in-

69 2002 84 2050 2
105 1990 255 2053 tulerunt.
302 1987 437 2054 Anicius
458 1989 571 2053 deinde
585 1988 745 2053 Maximus
760 1988 1002 2073 proconsulem
1018 1987 1126 2073 etiam,

105 2078 160 2163 qui
185 2101 203 2142 a
231 2077 415 2143 censoribus
443 2079 639 2164 legerentur,
671 2078 838 2142 dumtaxat
864 2077 899 2143 in
921 2076 1127 2162 paucissimis

70 2180 85 2229 a
105 2168 290 2233 civitatibus
314 2167 401 2232 aliud
425 2167 495 2231 aliis
519 2167 613 2231 iussit
636 2167 761 2232 inferre.
800 2164 952 2252 Superest
975 2188 1065 2253 ergo,
1090 2170 1128 2233 ut

105 2257 174 2340 ipse
203 2257 366 2343 dispicias,
397 2279 438 2321 an
467 2258 501 2320 in
530 2256 678 2321 omnibus
707 2257 890 2322 civitatibus
918 2259 1042 2321 certum
1070 2257 1128 2322 ali·
1145 2278 1169 2318 ro

106 2346 183 2430 quid
203 2367 326 2430 omnes,
350 2345 407 2429 qui
425 2345 538 2410 deinde
557 2346 706 2410 buleutae
724 2346 885 2432 legentur,
910 2345 1048 2411 debeant
1065 2367 1126 2431 pro

105 2437 240 2501 introitu
273 2435 355 2500 dare.
400 2434 499 2519 Nam,
533 2435 620 2519 quod
650 2436 685 2499 in
717 2438 908 2521 perpetuum
938 2457 1128 2502 mansurum

106 2529 167 2608 est,
191 2529 259 2590 ate
280 2523 433 2589 constitui
460 2525 562 2610 decet,
586 2525 676 2590 cuius
696 2525 789 2590 factis
812 2524 970 2608 dictisque
991 2524 1129 2591 debetur

106 2615 286 2680 aeternitas.

482 2760 587 2822 cm.
618 2759 748 2839 [cm]
1145 2777 1171 2820 re

445 2889 627 2942 TRAIANUS
650 2891 786 2941 PLINIO.

173 3007 392 3072 Honorarium
410 3007 635 3073 decurionatus
656 3030 780 3092 omnes,
804 3005 913 3091 quiin
937 3027 1066 3091 queque
1084 3007 1130 3074 ci·

107 3097 205 3163 vitate
219 3097 391 3181 Bithyniae
406 3098 593 3164 decuriones
611 3097 706 3182 fiunt,
730 3098 847 3162 inferre
867 3096 1003 3162 debeant
1015 3118 1129 3183 necne,

107 3187 141 3251 in
164 3187 349 3251 universum
374 3210 393 3251 a
415 3210 466 3252 me
489 3210 555 3253 non
579 3190 687 3273 potest
711 3186 817 3252 statui.
862 3184 900 3251 Id
924 3208 1015 3273 ergo,
1040 3188 1129 3271 quod

108 3299 233 3361 semper
259 3277 457 3342 tutissimum
485 3282 546 3360 est,
576 3277 771 3360 sequendam
801 3275 956 3360 cuiusque
985 3275 1129 3342 civitatis
1146 3296 1171 3338 a

172 3531 210 3577 19
226 3525 308 3579 aliud
328 3524 399 3579 alios
422 3523 478 3592 Or,
495 3523 573 3577 aliud
589 3521 661 3599 (in)
677 3522 742 3577 aliis
758 3523 905 3579 Guecther.
979 3527 1012 3578 21
1031 3521 1129 3595 legen·

83 3593 135 3644 aa
149 3596 306 3667 maaser,
327 3599 368 3654 K.
379 3599 425 3668 II,
446 3598 561 3669 Maeli,
579 3596 716 3671 leguntur
735 3597 810 3668 oute.
