2400 3862
427 180 686 237 nrrsrumaun
705 182 718 234 1
737 187 762 236 a
1084 187 1105 251 5

81 347 132 411 fas
160 350 256 430 puto,
287 346 326 410 de
356 367 420 429 quo
450 346 696 429 pronuntiatum
727 345 798 409 est'.
847 344 1023 412 Conticuit:
1053 369 1105 411 me

80 438 150 500 laus
179 441 212 500 et
240 434 414 527 gratulatio
442 438 553 500 secuta
576 438 636 517 est,
666 434 752 518 quod
775 456 835 499 nec
857 435 977 500 famam
1000 458 1105 500 meam

81 525 360 608 aliquo.responso
375 523 449 587 utili
462 524 612 606 fortasse,
629 523 800 589 inhonesto
815 528 936 608 tamen,
950 526 1104 589 laeseram

80 635 141 679 neo
172 636 225 678 me
254 612 379 696 laqueis
409 616 476 676 tam
507 612 679 677 insidiosae
709 614 973 698 interrogationis
1003 615 1105 678 invol-

51 723 199 768 averam.
245 701 343 767 Nunc
371 724 446 787 ergo
475 702 672 767 conscientia
699 702 869 767 exterritus
894 702 1140 786 adprehendita

81 791 264 857 Caecilium
277 789 434 874 Celerem,
456 813 534 855 mox
552 789 688 855 Fabium
705 789 845 874 lustum,
868 795 976 876 rogat,
998 796 1036 855 ut
1053 814 1105 856 me

80 881 145 946 sibi
163 880 387 963 reconcilient,
403 902 463 945 neo
482 883 652 945 contentus
671 881 818 964 pervenit
836 880 876 944 ad
896 879 1105 965 Spurinnam,

79 969 158 1034 huic
173 970 375 1053 suppliciter,
393 973 430 1033 ut
444 973 506 1053 est,
526 990 599 1034 oum
612 971 718 1053 timet,
733 970 980 1034 abiectissimus:
996 969 1104 1056 ‘Rogo

80 1081 177 1123 mane
207 1057 315 1123 videas
346 1057 486 1123 Plinium
520 1056 621 1141 domi,
651 1059 706 1123 sed
736 1060 832 1142 plane
862 1081 956 1123 mane
986 1058 1105 1145 (neque

36 1169 63 1208 ιο
82 1149 169 1212 enim
189 1148 310 1213 diutius
329 1147 470 1232 perferre
484 1146 735 1212 sollicitudinem
751 1145 909 1232 possum),
928 1151 960 1212 et
974 1170 1104 1233 quoquo

80 1236 180 1302 modo
227 1236 362 1320 efficias,
405 1259 446 1301 ne
488 1236 568 1300 mihi
609 1236 789 1301 irascatur'.
853 1236 1140 1322 Evigilaveram39

80 1327 216 1391 nuntius
247 1349 266 1389 a
294 1324 469 1409 Spurinna:
500 1325 620 1390 ‘Venio
650 1326 690 1389 ad
720 1325 776 1389 te'.
824 1324 943 1391 ‘lmmo
974 1349 1034 1412 ego
1066 1327 1105 1390 ad

80 1421 113 1480 te
120 1415 138 1478 ’.
183 1413 313 1480 Coimus
337 1416 371 1478 in
389 1415 552 1498 porticum
570 1414 694 1497 Liviae,
718 1436 792 1479 cum
811 1417 892 1479 alter
911 1416 950 1478 ad
969 1417 1105 1481 alterum

83 1504 296 1569 tenderemus.
352 1503 497 1588 Exponit
528 1503 647 1589 Reguli
679 1506 843 1588 mandata,
876 1504 964 1568 addit
995 1527 1105 1589 preces

39 1612 63 1652 rs
82 1615 172 1676 suas,
207 1598 245 1656 ut
281 1593 414 1658 decebat
450 1594 608 1678 optimum
646 1595 751 1658 virum
788 1616 848 1678 pro
881 1594 1105 1678 dissimillimo,

81 1704 186 1766 parce.
236 1680 295 1746 Cui
325 1703 399 1766 ego:
430 1681 606 1766 ‘Dispicies
636 1683 718 1767 ipse,
750 1683 826 1767 quid
856 1683 1105 1747 renuntiandum
1126 1701 1158 1748 10

82 1771 210 1856 Regulo
235 1774 337 1854 putes.
379 1771 424 1835 Te
448 1771 552 1854 decipi
575 1794 594 1834 a
617 1794 668 1836 me
691 1794 758 1836 non
781 1775 916 1856 oportet.
957 1771 1105 1855 Expecto

82 1859 281 1925 Mauricum'
315 1861 472 1946 (nondum
508 1861 547 1928 ab
580 1860 677 1925 exilio
710 1859 869 1947 venerat):
903 1860 990 1924 ‘ideo
1023 1861 1106 1925 nihil

81 1951 270 2014 alterutram
293 1949 327 2012 in
350 1954 475 2033 partem
498 1950 690 2033 respondere
713 1951 774 2014 tibi
796 1971 929 2034 possum
952 1949 1105 2033 facturus,

40 2057 64 2098 ao
82 2038 241 2122 quidquid
263 2039 319 2102 ille
343 2039 532 2121 decreverit,
555 2039 647 2103 illum
669 2039 754 2103 enim
774 2061 842 2104 esse
861 2038 958 2102 huius
978 2040 1106 2104 consilii
1143 2062 1144 2070 ¹

80 2127 212 2209 ducem,
234 2149 285 2192 me
309 2129 460 2192 comitem
484 2128 598 2192 decet'.
639 2127 764 2193 Paucos
785 2131 861 2211 post
879 2127 946 2191 dies
966 2130 1035 2212 ipse
1054 2152 1105 2193 me
1125 2145 1156 2195 11

79 2216 227 2302 Regulus
256 2218 406 2280 convenit
427 2218 463 2280 in
485 2219 642 2300 praetoris
667 2217 790 2299 officio,
817 2218 896 2281 illuc
917 2223 1104 2301 persecutus

79 2309 240 2370 secretum
269 2307 365 2389 petit,
396 2306 441 2370 ait
470 2307 584 2370 timere
608 2328 655 2388 se,
685 2328 725 2369 ne
749 2306 856 2370 animo
880 2329 951 2372 meo
975 2309 1104 2390 penitus

78 2396 238 2476 haereret,
254 2394 341 2478 quod
354 2395 389 2458 in
403 2395 626 2459 centumvirali
641 2394 759 2458 iudicio
775 2396 948 2479 aliquando
963 2396 1104 2480 dixisset,

38 2501 62 2542 u
81 2505 155 2549 oum
179 2482 388 2567 responderet
410 2484 492 2548 mihi
515 2487 548 2548 et
571 2482 677 2548 Satrio
701 2483 802 2549 Rufo:
827 2483 965 2549 ‘Satrius
989 2485 1105 2568 Rufus,

81 2574 133 2638 cui
156 2594 224 2637 non
247 2576 296 2636 est
319 2594 392 2637 cum
414 2571 566 2638 Cicerone
590 2573 777 2658 aemulatio,
800 2578 832 2638 et
855 2575 910 2659 qui
934 2579 1103 2640 contentus

81 2666 129 2726 est
166 2662 351 2744 eloquentia
387 2663 506 2727 saeculi
541 2662 669 2729 nostri'.
728 2662 893 2747 Respondi
929 2685 1016 2728 nuno
1053 2686 1104 2728 me
1124 2683 1156 2729 12

82 2751 270 2836 intellegere
311 2752 451 2838 maligne
493 2751 629 2833 dictum,
671 2752 746 2834 quia
782 2754 851 2837 ipse
888 2753 1103 2836 confiteretur,

82 2844 224 2905 ceterum
253 2842 397 2924 potuisse
427 2841 643 2905 honorificum
675 2842 865 2906 existimare.
912 2841 988 2904 ‘Est
1018 2843 1103 2906 enim

37 2947 63 2987 so
81 2929 185 3013 mihi',
222 2930 368 3014 inquam,
407 2930 495 2995 ‘oum
529 2928 682 2995 Cicerone
714 2931 902 3012 aemulatio,
938 2952 999 2995 nec
1031 2953 1102 2995 sum

80 3022 251 3084 contentus
281 3020 464 3103 eloquentia
487 3020 606 3085 saeculi
630 3021 744 3102 nostri3
775 3043 850 3084 nam
874 3020 1102 3084 stultissimum
1123 3039 1156 3086 13

80 3107 175 3173 oredo
207 3108 246 3171 ad
275 3108 466 3172 imitandum
494 3131 560 3173 non
589 3109 712 3193 optima
741 3130 885 3192 quaeque
913 3130 1102 3192 proponere.

81 3195 144 3262 Sed
166 3201 218 3279 tu,
246 3197 302 3280 qui
324 3197 419 3263 huius
443 3198 554 3263 iudicii
576 3198 765 3281 meministi,
789 3219 846 3262 cur
868 3199 957 3262 illius
982 3199 1102 3262 oblitus

153 3377 169 3425 8
188 3388 256 3441 rogo
275 3372 370 3440 inquit
387 3389 471 3426 mane
490 3375 582 3443 Fpr,
601 3374 639 3427 K.
659 3375 689 3438 1,
711 3373 779 3426 Otto.
837 3379 870 3427 10
888 3371 1012 3440 perferre
1030 3374 1103 3439 RF,

80 3443 153 3498 terre
171 3445 229 3497 rell.
305 3449 337 3497 13
357 3444 496 3512 porticum
510 3447 538 3500 R
548 3446 579 3500 F
585 3445 650 3512 Dp,
670 3444 780 3509 Gatao,
793 3462 821 3511 a,
835 3445 874 3499 K.
890 3445 936 3510 Π,
951 3444 991 3511 cf.
1000 3445 1027 3498 V
1041 3449 1115 3509 ml,

80 3515 193 3583 porticu
204 3517 242 3570 M
250 3516 327 3580 Vrs,
344 3516 380 3568 K.
391 3517 416 3570 1.
470 3521 503 3570 29
518 3515 679 3572 existimari
691 3517 726 3574 M
734 3515 759 3571 V
767 3515 796 3572 D
805 3534 851 3590 ps
862 3536 893 3588 o,
906 3517 950 3572 K.
999 3519 1039 3568 ”su
1051 3511 1137 3566 mula

76 3587 189 3649 inquam
207 3587 251 3638 M
257 3586 284 3649 V,
302 3585 421 3652 inquam
441 3589 514 3644 mihi
534 3591 564 3648 R
574 3590 606 3647 F
615 3610 643 3649 a.
