2400 3862
129 180 172 246 60
569 174 712 231 cstnu

76 361 108 408 ιι
128 338 232 425 Igitur
260 339 395 404 eundem
428 339 509 403 mihi
541 360 683 423 cursum,
716 339 852 403 eundem
881 339 1057 403 terminum
1090 344 1149 403 sta

127 435 184 493 tuo
208 429 336 512 idque
328 451 390 492 ram
414 451 501 494 nunc
524 429 609 530 apud
632 433 665 493 te
689 427 859 516 subsigno,
883 431 933 512 ut,
958 428 985 492 si
1008 450 1060 492 me
1083 428 1149 492 lon·

128 519 200 603 gius
233 518 325 583 evehi
357 518 490 601 videris,
522 518 557 582 in
588 518 638 583 ius
670 538 765 583 voces
796 517 836 581 ad
865 517 949 581 hano
979 517 1063 602 epist
1049 517 1148 582 tulam

128 630 231 672 meam
263 612 295 671 et
324 606 487 690 quiescere
509 606 634 690 iubeas,
657 628 731 672 cum
760 607 895 671 inertiae
923 606 1045 671 crimen
1074 607 1148 670 effu-

129 718 214 782 gero.
260 694 348 760 Vale.
618 790 650 848 Π

330 898 361 949 C.
376 898 523 949 PLINIUS
543 898 645 949 VIBIO
664 898 811 949 MAXIMO
833 897 902 948 SUO
923 897 951 948 S.

93 1037 106 1083 1
187 1016 280 1093 Quod
302 1017 372 1101 ipse
395 1017 506 1081 amicis
534 1017 599 1080 tuis
632 1015 836 1099 obtulissem,
867 1016 895 1081 si
927 1015 1008 1079 mihi
1038 1015 1145 1080 eadem

127 1106 261 1170 materia
284 1110 481 1190 suppeteret,
504 1105 537 1168 id
560 1106 738 1170 nunciare
761 1105 872 1169 videor
896 1128 914 1168 ι
936 1109 969 1169 ιι
994 1106 1073 1169 meis
1096 1127 1146 1189 pe

91 1215 106 1260 2
126 1196 254 1260 titurus.
286 1197 442 1260 Arrianus
457 1193 603 1259 Maturus
617 1193 812 1259 Altinatium
831 1199 880 1258 est
893 1194 1057 1279 princeps:
1076 1215 1146 1258 cum
1162 1207 1184 1245 L

127 1285 199 1349 dico
229 1284 393 1369 princeps,
422 1306 489 1349 non
517 1284 555 1348 de
585 1284 792 1349 facultatibus
822 1284 952 1367 loquor,
988 1305 1070 1366 quae
1100 1283 1146 1347 illi

126 1375 215 1459 large
248 1378 437 1457 supersunt,
469 1373 525 1438 sed
557 1374 596 1438 de
624 1372 783 1456 castitate,
816 1373 954 1456 iustitia,
981 1374 1147 1458 gravitate,

92 1481 107 1528 3
129 1464 308 1546 prudentia.
354 1462 460 1528 Huius
485 1484 544 1548 ego
569 1462 704 1528 consilio
734 1461 769 1526 in
792 1461 945 1547 negotiis,
970 1462 1091 1527 iudicio
1115 1462 1147 1525 in

127 1553 242 1616 studiis
270 1557 358 1634 utor3
385 1575 461 1616 nam
490 1553 666 1636 plurimum
694 1551 772 1634 fide,
799 1550 975 1634 plurimum
1004 1551 1146 1634 veritate,

90 1660 107 1706 4
125 1641 333 1723 plurrmum
325 1663 360 1704 in
360 1641 546 1725 tellegentia
569 1663 661 1724 praes
662 1644 719 1705 t.at
765 1639 864 1704 Amat
882 1662 945 1723 me,
968 1640 1053 1704 nihil
1076 1648 1190 1725 pos-1¹

127 1752 197 1793 sum
221 1730 343 1793 ardent
320 1734 384 1794 tius
409 1731 526 1813 dicere,
549 1734 649 1795 uttu
692 1727 786 1793 Caret
804 1728 942 1812 ambitu5
964 1729 1036 1794 ideo
1062 1731 1147 1794 sein

127 1818 268 1902 equestri
291 1819 393 1904 gradu
416 1818 533 1902 tenuit,
558 1841 631 1884 cum
655 1819 749 1883 facile
777 1823 887 1902 posset
873 1819 1081 1884 tascendere
1104 1820 1146 1883 al-

126 1909 295 1972 tissimum.
350 1906 433 1971 Mihi
465 1869 574 1972 tanien
606 1908 767 1972 ornandus
801 1907 1058 1990 excolendusque
1091 1912 1146 1973 est.

91 1994 238 2080 {altaque
267 1997 377 2082 magni
407 1997 540 2062 aestimo
565 1998 716 2083 dignitati
739 1997 807 2061 eius
831 1997 953 2080 aliquid
983 1996 1168 2063 adstruere

126 2087 338 2170 inopinantis,
365 2087 551 2170 nescientis,
579 2088 679 2151 immo
708 2087 804 2151 etiam
833 2087 969 2151 fortasse
995 2086 1148 2170 nolentis,
1163 2092 1190 2136 Ἀ

126 2177 289 2240 adstruere
312 2181 433 2259 autem,
457 2176 543 2259 quod
572 2176 614 2239 sit
643 2175 848 2259 splendidum
877 2196 937 2240 nec
965 2177 1147 2241 molestum.

90 2283 105 2329 6
126 2262 223 2328 Cuius
243 2265 367 2350 generis
373 2316 381 2348 ,
405 2288 486 2349 quae
505 2266 610 2349 prima
629 2264 755 2329 occasio
773 2264 843 2346 tibi,
862 2265 1007 2329 conferas
1021 2265 1056 2328 in
1075 2287 1148 2329 eum

124 2375 218 2438 rogo:
242 2354 375 2418 habebis
399 2377 461 2429 me,
486 2354 619 2419 habebis
643 2354 749 2437 ipsum
778 2354 996 2439 gratissimum
1025 2352 1148 2419 debito·

124 2465 199 2505 rem.
238 2442 389 2519 Quamvis
409 2444 494 2507 enim
517 2444 580 2508 ista
597 2464 664 2507 non
682 2443 820 2527 adpetat,
843 2449 911 2506 tam
929 2446 1020 2528 grate
1039 2448 1149 2508 tamen

124 2532 252 2615 excipit,
280 2555 376 2616 quam
401 2534 428 2597 si
452 2533 666 2617 concupiscat.
712 2531 802 2597 Vale.
1165 2559 1190 2602 ιι

605 2690 661 2756 ΠΙ.

229 2806 259 2856 C.
275 2807 422 2855 PLINIUS
442 2806 649 2856 CORELLIAE
668 2806 877 2856 HISPULLAE
898 2806 991 2856 SUAE
1010 2805 1038 2855 S.

90 2944 102 2990 1
185 2923 278 3006 Cum,
302 2926 426 3006 patrem
450 2927 556 3006 tuum,
587 2923 810 3008 gravissimum
843 2927 875 2986 ιι
905 2922 1148 2988 sanctissimum

126 3012 242 3093 virum,
266 3013 464 3095 suspexerim
488 3013 591 3098 magis
615 3035 655 3076 an
675 3013 862 3095 amaverim,
885 3012 1028 3076 dubitem
1046 3015 1148 3096 teque

124 3101 212 3165 etin
236 3101 422 3165 memoriam
446 3101 513 3165 eius
538 3107 569 3165 ιι
593 3103 626 3165 in
649 3103 804 3165 honorem
834 3107 927 3165 tuum
950 3101 1043 3166 unice
1072 3102 1147 3166 dili·
1167 3132 1190 3172 ιι

123 3212 212 3274 gam,
235 3192 363 3273 cupiam
386 3212 515 3254 necesse
533 3195 582 3255 est
606 3196 702 3273 atque
721 3192 832 3273 etiam,
855 3195 1010 3273 quantum
1033 3191 1068 3253 in
1093 3214 1147 3256 me

122 3280 233 3362 fuerit,
253 3280 369 3362 enitar,
383 3286 419 3344 ut
438 3279 525 3343 filius
543 3285 619 3344 tuus
638 3302 698 3344 avo
718 3280 831 3343 similis
847 3280 977 3363 existat,
995 3278 1146 3361 equidem

123 3369 208 3433 malo
234 3376 391 3433 materno:
421 3390 616 3452 quamquam
648 3369 696 3432 illi
725 3373 877 3453 paternus
912 3370 1007 3433 etiam
1037 3368 1145 3434 clarus

182 3567 201 3611 7
223 3561 305 3616 Vibio
324 3564 435 3619 excolo
454 3565 491 3622 It.
